%YAML 1.1
%TAG !u! tag:unity3d.com,2011:
--- !u!1 &2898299366564098513
GameObject:
  m_ObjectHideFlags: 0
  m_CorrespondingSourceObject: {fileID: 0}
  m_PrefabInstance: {fileID: 0}
  m_PrefabAsset: {fileID: 0}
  serializedVersion: 6
  m_Component:
  - component: {fileID: 2898299366564098512}
  m_Layer: 0
  m_Name: cameraAngle_1
  m_TagString: Untagged
  m_Icon: {fileID: 0}
  m_NavMeshLayer: 0
  m_StaticEditorFlags: 0
  m_IsActive: 1
--- !u!4 &2898299366564098512
Transform:
  m_ObjectHideFlags: 0
  m_CorrespondingSourceObject: {fileID: 0}
  m_PrefabInstance: {fileID: 0}
  m_PrefabAsset: {fileID: 0}
  m_GameObject: {fileID: 2898299366564098513}
  m_LocalRotation: {x: -0, y: -0.7101613, z: -0, w: 0.704039}
  m_LocalPosition: {x: 4.34, y: 3.3, z: 12.43}
  m_LocalScale: {x: 1, y: 1.41235, z: 0.80831826}
  m_Children: []
  m_Father: {fileID: 2898299367099268249}
  m_RootOrder: 0
  m_LocalEulerAnglesHint: {x: 0, y: -90.496, z: 0}
--- !u!1 &2898299367099268254
GameObject:
  m_ObjectHideFlags: 0
  m_CorrespondingSourceObject: {fileID: 0}
  m_PrefabInstance: {fileID: 0}
  m_PrefabAsset: {fileID: 0}
  serializedVersion: 6
  m_Component:
  - component: {fileID: 2898299367099268249}
  m_Layer: 0
  m_Name: CameraAngles
  m_TagString: Untagged
  m_Icon: {fileID: 0}
  m_NavMeshLayer: 0
  m_StaticEditorFlags: 0
  m_IsActive: 1
--- !u!4 &2898299367099268249
Transform:
  m_ObjectHideFlags: 0
  m_CorrespondingSourceObject: {fileID: 0}
  m_PrefabInstance: {fileID: 0}
  m_PrefabAsset: {fileID: 0}
  m_GameObject: {fileID: 2898299367099268254}
  m_LocalRotation: {x: 0, y: 0, z: 0, w: 1}
  m_LocalPosition: {x: 0, y: 0, z: 15.88}
  m_LocalScale: {x: 1, y: 1, z: 1}
  m_Children:
  - {fileID: 2898299366564098512}
  - {fileID: 2898299368327635006}
  - {fileID: 2898299367772506671}
  m_Father: {fileID: 2898299368529021669}
  m_RootOrder: 0
  m_LocalEulerAnglesHint: {x: 0, y: 0, z: 0}
--- !u!1 &2898299367772506668
GameObject:
  m_ObjectHideFlags: 0
  m_CorrespondingSourceObject: {fileID: 0}
  m_PrefabInstance: {fileID: 0}
  m_PrefabAsset: {fileID: 0}
  serializedVersion: 6
  m_Component:
  - component: {fileID: 2898299367772506671}
  m_Layer: 0
  m_Name: cameraAngle_3
  m_TagString: Untagged
  m_Icon: {fileID: 0}
  m_NavMeshLayer: 0
  m_StaticEditorFlags: 0
  m_IsActive: 1
--- !u!4 &2898299367772506671
Transform:
  m_ObjectHideFlags: 0
  m_CorrespondingSourceObject: {fileID: 0}
  m_PrefabInstance: {fileID: 0}
  m_PrefabAsset: {fileID: 0}
  m_GameObject: {fileID: 2898299367772506668}
  m_LocalRotation: {x: -0, y: 0.6087605, z: -0, w: 0.79335415}
  m_LocalPosition: {x: 18.77, y: 4.58, z: 3.93}
  m_LocalScale: {x: 1, y: 1.41235, z: 0.80831826}
  m_Children: []
  m_Father: {fileID: 2898299367099268249}
  m_RootOrder: 2
  m_LocalEulerAnglesHint: {x: 0, y: 75, z: 0}
--- !u!1 &2898299367803652578
GameObject:
  m_ObjectHideFlags: 0
  m_CorrespondingSourceObject: {fileID: 0}
  m_PrefabInstance: {fileID: 0}
  m_PrefabAsset: {fileID: 0}
  serializedVersion: 6
  m_Component:
  - component: {fileID: 2898299367803652573}
  m_Layer: 0
  m_Name: playerPositions
  m_TagString: Untagged
  m_Icon: {fileID: 0}
  m_NavMeshLayer: 0
  m_StaticEditorFlags: 0
  m_IsActive: 1
--- !u!4 &2898299367803652573
Transform:
  m_ObjectHideFlags: 0
  m_CorrespondingSourceObject: {fileID: 0}
  m_PrefabInstance: {fileID: 0}
  m_PrefabAsset: {fileID: 0}
  m_GameObject: {fileID: 2898299367803652578}
  m_LocalRotation: {x: 0, y: 0, z: 0, w: 1}
  m_LocalPosition: {x: 0, y: 0, z: 0}
  m_LocalScale: {x: 1, y: 1, z: 1}
  m_Children:
  - {fileID: 2898299368312262475}
  - {fileID: 2898299368100683238}
  m_Father: {fileID: 2898299368529021669}
  m_RootOrder: 1
  m_LocalEulerAnglesHint: {x: 0, y: 0, z: 0}
--- !u!1 &2898299368093899789
GameObject:
  m_ObjectHideFlags: 0
  m_CorrespondingSourceObject: {fileID: 0}
  m_PrefabInstance: {fileID: 0}
  m_PrefabAsset: {fileID: 0}
  serializedVersion: 6
  m_Component:
  - component: {fileID: 2898299368093899788}
  - component: {fileID: 2898299368093899791}
  m_Layer: 0
  m_Name: CagePrompt
  m_TagString: Untagged
  m_Icon: {fileID: 0}
  m_NavMeshLayer: 0
  m_StaticEditorFlags: 0
  m_IsActive: 0
--- !u!4 &2898299368093899788
Transform:
  m_ObjectHideFlags: 0
  m_CorrespondingSourceObject: {fileID: 0}
  m_PrefabInstance: {fileID: 0}
  m_PrefabAsset: {fileID: 0}
  m_GameObject: {fileID: 2898299368093899789}
  m_LocalRotation: {x: -0, y: -0.70710576, z: -0, w: 0.70710784}
  m_LocalPosition: {x: 7.56, y: 6.76, z: 21.08}
  m_LocalScale: {x: 0.94499993, y: 0.94499993, z: 0.94499993}
  m_Children: []
  m_Father: {fileID: 2898299368529021669}
  m_RootOrder: 3
  m_LocalEulerAnglesHint: {x: 0, y: 0, z: 0}
--- !u!212 &2898299368093899791
SpriteRenderer:
  m_ObjectHideFlags: 0
  m_CorrespondingSourceObject: {fileID: 0}
  m_PrefabInstance: {fileID: 0}
  m_PrefabAsset: {fileID: 0}
  m_GameObject: {fileID: 2898299368093899789}
  m_Enabled: 1
  m_CastShadows: 0
  m_ReceiveShadows: 0
  m_DynamicOccludee: 1
  m_MotionVectors: 1
  m_LightProbeUsage: 1
  m_ReflectionProbeUsage: 1
  m_RenderingLayerMask: 1
  m_RendererPriority: 0
  m_Materials:
  - {fileID: 10754, guid: 0000000000000000f000000000000000, type: 0}
  m_StaticBatchInfo:
    firstSubMesh: 0
    subMeshCount: 0
  m_StaticBatchRoot: {fileID: 0}
  m_ProbeAnchor: {fileID: 0}
  m_LightProbeVolumeOverride: {fileID: 0}
  m_ScaleInLightmap: 1
  m_PreserveUVs: 0
  m_IgnoreNormalsForChartDetection: 0
  m_ImportantGI: 0
  m_StitchLightmapSeams: 0
  m_SelectedEditorRenderState: 0
  m_MinimumChartSize: 4
  m_AutoUVMaxDistance: 0.5
  m_AutoUVMaxAngle: 89
  m_LightmapParameters: {fileID: 0}
  m_SortingLayerID: 0
  m_SortingLayer: 0
  m_SortingOrder: 0
  m_Sprite: {fileID: 21300000, guid: bb19e5f900f942649ac84f9c0349def7, type: 3}
  m_Color: {r: 1, g: 1, b: 1, a: 1}
  m_FlipX: 1
  m_FlipY: 0
  m_DrawMode: 0
  m_Size: {x: 5.12, y: 5.12}
  m_AdaptiveModeThreshold: 0.5
  m_SpriteTileMode: 0
  m_WasSpriteAssigned: 1
  m_MaskInteraction: 0
  m_SpriteSortPoint: 0
--- !u!1 &2898299368100683239
GameObject:
  m_ObjectHideFlags: 0
  m_CorrespondingSourceObject: {fileID: 0}
  m_PrefabInstance: {fileID: 0}
  m_PrefabAsset: {fileID: 0}
  serializedVersion: 6
  m_Component:
  - component: {fileID: 2898299368100683238}
  m_Layer: 0
  m_Name: pos2
  m_TagString: Untagged
  m_Icon: {fileID: 0}
  m_NavMeshLayer: 0
  m_StaticEditorFlags: 0
  m_IsActive: 1
--- !u!4 &2898299368100683238
Transform:
  m_ObjectHideFlags: 0
  m_CorrespondingSourceObject: {fileID: 0}
  m_PrefabInstance: {fileID: 0}
  m_PrefabAsset: {fileID: 0}
  m_GameObject: {fileID: 2898299368100683239}
  m_LocalRotation: {x: -0, y: 0.70710415, z: -0, w: 0.7071095}
  m_LocalPosition: {x: 5.4, y: -0.5, z: 17}
  m_LocalScale: {x: 1, y: 1, z: 1}
  m_Children: []
  m_Father: {fileID: 2898299367803652573}
  m_RootOrder: 1
  m_LocalEulerAnglesHint: {x: 0, y: 90.00001, z: 0}
--- !u!1 &2898299368312262472
GameObject:
  m_ObjectHideFlags: 0
  m_CorrespondingSourceObject: {fileID: 0}
  m_PrefabInstance: {fileID: 0}
  m_PrefabAsset: {fileID: 0}
  serializedVersion: 6
  m_Component:
  - component: {fileID: 2898299368312262475}
  m_Layer: 0
  m_Name: pos1
  m_TagString: Untagged
  m_Icon: {fileID: 0}
  m_NavMeshLayer: 0
  m_StaticEditorFlags: 0
  m_IsActive: 1
--- !u!4 &2898299368312262475
Transform:
  m_ObjectHideFlags: 0
  m_CorrespondingSourceObject: {fileID: 0}
  m_PrefabInstance: {fileID: 0}
  m_PrefabAsset: {fileID: 0}
  m_GameObject: {fileID: 2898299368312262472}
  m_LocalRotation: {x: -0, y: -0.20527242, z: -0, w: -0.97870487}
  m_LocalPosition: {x: -1.96, y: 1, z: 22.8}
  m_LocalScale: {x: 1, y: 1, z: 1}
  m_Children: []
  m_Father: {fileID: 2898299367803652573}
  m_RootOrder: 0
  m_LocalEulerAnglesHint: {x: 0, y: 383.691, z: 0}
--- !u!1 &2898299368327635007
GameObject:
  m_ObjectHideFlags: 0
  m_CorrespondingSourceObject: {fileID: 0}
  m_PrefabInstance: {fileID: 0}
  m_PrefabAsset: {fileID: 0}
  serializedVersion: 6
  m_Component:
  - component: {fileID: 2898299368327635006}
  m_Layer: 0
  m_Name: cameraAngle_2
  m_TagString: Untagged
  m_Icon: {fileID: 0}
  m_NavMeshLayer: 0
  m_StaticEditorFlags: 0
  m_IsActive: 1
--- !u!4 &2898299368327635006
Transform:
  m_ObjectHideFlags: 0
  m_CorrespondingSourceObject: {fileID: 0}
  m_PrefabInstance: {fileID: 0}
  m_PrefabAsset: {fileID: 0}
  m_GameObject: {fileID: 2898299368327635007}
  m_LocalRotation: {x: -0.026313841, y: -0.7066143, z: 0.026315056, w: -0.70661974}
  m_LocalPosition: {x: -4.4, y: -0.2, z: 12.7}
  m_LocalScale: {x: 1, y: 0.7030484, z: 0.2518724}
  m_Children: []
  m_Father: {fileID: 2898299367099268249}
  m_RootOrder: 1
  m_LocalEulerAnglesHint: {x: 4.2650003, y: 90.00001, z: 0}
--- !u!1 &2898299368529021672
GameObject:
  m_ObjectHideFlags: 0
  m_CorrespondingSourceObject: {fileID: 0}
  m_PrefabInstance: {fileID: 0}
  m_PrefabAsset: {fileID: 0}
  serializedVersion: 6
  m_Component:
  - component: {fileID: 2898299368529021669}
  - component: {fileID: 2898299368529021674}
  - component: {fileID: 2898299368529021675}
  m_Layer: 0
  m_Name: Dialogue_Base
  m_TagString: Untagged
  m_Icon: {fileID: 0}
  m_NavMeshLayer: 0
  m_StaticEditorFlags: 0
  m_IsActive: 0
--- !u!4 &2898299368529021669
Transform:
  m_ObjectHideFlags: 0
  m_CorrespondingSourceObject: {fileID: 0}
  m_PrefabInstance: {fileID: 0}
  m_PrefabAsset: {fileID: 0}
  m_GameObject: {fileID: 2898299368529021672}
  m_LocalRotation: {x: -0, y: -0, z: -0, w: 1}
  m_LocalPosition: {x: 271.9, y: 59, z: -343.98}
  m_LocalScale: {x: 1, y: 1, z: 1}
  m_Children:
  - {fileID: 2898299367099268249}
  - {fileID: 2898299367803652573}
  - {fileID: 2898299368581971531}
  - {fileID: 2898299368093899788}
  m_Father: {fileID: 0}
  m_RootOrder: 0
  m_LocalEulerAnglesHint: {x: 0, y: 0, z: 0}
--- !u!65 &2898299368529021674
BoxCollider:
  m_ObjectHideFlags: 0
  m_CorrespondingSourceObject: {fileID: 0}
  m_PrefabInstance: {fileID: 0}
  m_PrefabAsset: {fileID: 0}
  m_GameObject: {fileID: 2898299368529021672}
  m_Material: {fileID: 0}
  m_IsTrigger: 1
  m_Enabled: 1
  serializedVersion: 2
  m_Size: {x: 16.616928, y: 18.021347, z: 20.975891}
  m_Center: {x: 5.7440414, y: 4.0106773, z: 21.7565}
--- !u!114 &2898299368529021675
MonoBehaviour:
  m_ObjectHideFlags: 0
  m_CorrespondingSourceObject: {fileID: 0}
  m_PrefabInstance: {fileID: 0}
  m_PrefabAsset: {fileID: 0}
  m_GameObject: {fileID: 2898299368529021672}
  m_Enabled: 1
  m_EditorHideFlags: 0
  m_Script: {fileID: 11500000, guid: 127e1653a311d194c9329f466ca1c6e4, type: 3}
  m_Name: 
  m_EditorClassIdentifier: 
  textDisplay: {fileID: 0}
  name: {fileID: 0}
  playerScript: {fileID: 0}
  triggeredByButton: 1
  needsCage: 1
  buttonPrompt: {fileID: 2898299368581971530}
  cagePrompt: {fileID: 2898299368093899791}
  imgRenderer_R: {fileID: 0}
  imgRenderer_L: {fileID: 0}
  imgRenderer_Center: {fileID: 0}
  spriteAnim_R: {fileID: 0}
  spriteAnim_L: {fileID: 0}
  musicSource: {fileID: 0}
  dialogueBox: {fileID: 0}
  darkPanel: {fileID: 0}
  cutsceneHolder: {fileID: 0}
  cutsceneCam: {fileID: 0}
  mainCam: {fileID: 0}
  sentenceNumber: 0
  typeSpeed: 0.02
  sentenceArray:
  - sentence: L00_D06_Sentence_17
    name: "T\xF3ti"
    rightSprite: {fileID: 0}
    leftSprite: {fileID: 21300000, guid: 98246139c1eba224989a4b2023123267, type: 3}
    centerSprite: {fileID: 0}
    sentenceBox: {fileID: 21300000, guid: ef918714accb78b4b95fb4e068d79da3, type: 3}
    sentenceColor: {r: 0.6392157, g: 0, b: 0.7058824, a: 1}
    objectsToActivate: []
    animTrigger_R: 0
    animTrigger_L: 4
    playerPos: {fileID: 2898299368312262475}
    cinematicCamera: 1
    camPos: {fileID: 0}
    darken: 1
    DoShake: 1
    shakeAmt: 0.15
    shakeLength: 0.15
    sound: {fileID: 0}
    charVoice: {fileID: 0}
    muteMusic: 0
    changeMusic: {fileID: 0}
    isTimed: 0
    timeToWait: 0
    modelToAnimate: {fileID: 0}
    modelsTrigger: 
  dialogueActive: 0
--- !u!1 &2898299368581971528
GameObject:
  m_ObjectHideFlags: 0
  m_CorrespondingSourceObject: {fileID: 0}
  m_PrefabInstance: {fileID: 0}
  m_PrefabAsset: {fileID: 0}
  serializedVersion: 6
  m_Component:
  - component: {fileID: 2898299368581971531}
  - component: {fileID: 2898299368581971530}
  m_Layer: 0
  m_Name: ClickPrompt
  m_TagString: Untagged
  m_Icon: {fileID: 0}
  m_NavMeshLayer: 0
  m_StaticEditorFlags: 0
  m_IsActive: 0
--- !u!4 &2898299368581971531
Transform:
  m_ObjectHideFlags: 0
  m_CorrespondingSourceObject: {fileID: 0}
  m_PrefabInstance: {fileID: 0}
  m_PrefabAsset: {fileID: 0}
  m_GameObject: {fileID: 2898299368581971528}
  m_LocalRotation: {x: -0, y: -0.70710576, z: -0, w: 0.70710784}
  m_LocalPosition: {x: 7.5599976, y: 6.760002, z: 21.079987}
  m_LocalScale: {x: 0.315, y: 0.315, z: 0.315}
  m_Children: []
  m_Father: {fileID: 2898299368529021669}
  m_RootOrder: 2
  m_LocalEulerAnglesHint: {x: 0, y: 0, z: 0}
--- !u!212 &2898299368581971530
SpriteRenderer:
  m_ObjectHideFlags: 0
  m_CorrespondingSourceObject: {fileID: 0}
  m_PrefabInstance: {fileID: 0}
  m_PrefabAsset: {fileID: 0}
  m_GameObject: {fileID: 2898299368581971528}
  m_Enabled: 1
  m_CastShadows: 0
  m_ReceiveShadows: 0
  m_DynamicOccludee: 1
  m_MotionVectors: 1
  m_LightProbeUsage: 1
  m_ReflectionProbeUsage: 1
  m_RenderingLayerMask: 1
  m_RendererPriority: 0
  m_Materials:
  - {fileID: 10754, guid: 0000000000000000f000000000000000, type: 0}
  m_StaticBatchInfo:
    firstSubMesh: 0
    subMeshCount: 0
  m_StaticBatchRoot: {fileID: 0}
  m_ProbeAnchor: {fileID: 0}
  m_LightProbeVolumeOverride: {fileID: 0}
  m_ScaleInLightmap: 1
  m_PreserveUVs: 0
  m_IgnoreNormalsForChartDetection: 0
  m_ImportantGI: 0
  m_StitchLightmapSeams: 0
  m_SelectedEditorRenderState: 0
  m_MinimumChartSize: 4
  m_AutoUVMaxDistance: 0.5
  m_AutoUVMaxAngle: 89
  m_LightmapParameters: {fileID: 0}
  m_SortingLayerID: 0
  m_SortingLayer: 0
  m_SortingOrder: 0
  m_Sprite: {fileID: 21300000, guid: a5bd85dd678b11d419cec9e822f6bcd6, type: 3}
  m_Color: {r: 1, g: 1, b: 1, a: 1}
  m_FlipX: 1
  m_FlipY: 0
  m_DrawMode: 0
  m_Size: {x: 5.12, y: 5.12}
  m_AdaptiveModeThreshold: 0.5
  m_SpriteTileMode: 0
  m_WasSpriteAssigned: 1
  m_MaskInteraction: 0
  m_SpriteSortPoint: 0
