%YAML 1.1
%TAG !u! tag:unity3d.com,2011:
--- !u!1 &6138397709140700089
GameObject:
  m_ObjectHideFlags: 0
  m_CorrespondingSourceObject: {fileID: 0}
  m_PrefabInstance: {fileID: 0}
  m_PrefabAsset: {fileID: 0}
  serializedVersion: 6
  m_Component:
  - component: {fileID: 5388108854729294901}
  m_Layer: 0
  m_Name: grassPatch
  m_TagString: Untagged
  m_Icon: {fileID: 0}
  m_NavMeshLayer: 0
  m_StaticEditorFlags: 0
  m_IsActive: 1
--- !u!4 &5388108854729294901
Transform:
  m_ObjectHideFlags: 0
  m_CorrespondingSourceObject: {fileID: 0}
  m_PrefabInstance: {fileID: 0}
  m_PrefabAsset: {fileID: 0}
  m_GameObject: {fileID: 6138397709140700089}
  m_LocalRotation: {x: 0, y: 0, z: 0, w: 1}
  m_LocalPosition: {x: 23.524164, y: 15.462588, z: 43.910812}
  m_LocalScale: {x: 1, y: 1, z: 1}
  m_Children:
  - {fileID: 2678662653846791959}
  - {fileID: 4533377232173792510}
  - {fileID: 3478886478650536438}
  - {fileID: 8436381221310936143}
  m_Father: {fileID: 0}
  m_RootOrder: 0
  m_LocalEulerAnglesHint: {x: 0, y: 0, z: 0}
--- !u!1001 &2678662653846666647
PrefabInstance:
  m_ObjectHideFlags: 0
  serializedVersion: 2
  m_Modification:
    m_TransformParent: {fileID: 5388108854729294901}
    m_Modifications:
    - target: {fileID: 100000, guid: 3a0127c8a5ca3b74385b9d6cbeabc497, type: 3}
      propertyPath: m_Name
      value: grass_type1 (10)
      objectReference: {fileID: 0}
    - target: {fileID: 400000, guid: 3a0127c8a5ca3b74385b9d6cbeabc497, type: 3}
      propertyPath: m_LocalPosition.x
      value: -33.164165
      objectReference: {fileID: 0}
    - target: {fileID: 400000, guid: 3a0127c8a5ca3b74385b9d6cbeabc497, type: 3}
      propertyPath: m_LocalPosition.y
      value: -11.582588
      objectReference: {fileID: 0}
    - target: {fileID: 400000, guid: 3a0127c8a5ca3b74385b9d6cbeabc497, type: 3}
      propertyPath: m_LocalPosition.z
      value: -15.180813
      objectReference: {fileID: 0}
    - target: {fileID: 400000, guid: 3a0127c8a5ca3b74385b9d6cbeabc497, type: 3}
      propertyPath: m_LocalRotation.x
      value: -0.09396926
      objectReference: {fileID: 0}
    - target: {fileID: 400000, guid: 3a0127c8a5ca3b74385b9d6cbeabc497, type: 3}
      propertyPath: m_LocalRotation.y
      value: 0.069825456
      objectReference: {fileID: 0}
    - target: {fileID: 400000, guid: 3a0127c8a5ca3b74385b9d6cbeabc497, type: 3}
      propertyPath: m_LocalRotation.z
      value: -0.15361805
      objectReference: {fileID: 0}
    - target: {fileID: 400000, guid: 3a0127c8a5ca3b74385b9d6cbeabc497, type: 3}
      propertyPath: m_LocalRotation.w
      value: 0.9811706
      objectReference: {fileID: 0}
    - target: {fileID: 400000, guid: 3a0127c8a5ca3b74385b9d6cbeabc497, type: 3}
      propertyPath: m_RootOrder
      value: 0
      objectReference: {fileID: 0}
    - target: {fileID: 400000, guid: 3a0127c8a5ca3b74385b9d6cbeabc497, type: 3}
      propertyPath: m_LocalEulerAnglesHint.x
      value: -9.378
      objectReference: {fileID: 0}
    - target: {fileID: 400000, guid: 3a0127c8a5ca3b74385b9d6cbeabc497, type: 3}
      propertyPath: m_LocalEulerAnglesHint.y
      value: 9.68
      objectReference: {fileID: 0}
    - target: {fileID: 400000, guid: 3a0127c8a5ca3b74385b9d6cbeabc497, type: 3}
      propertyPath: m_LocalEulerAnglesHint.z
      value: -18.592001
      objectReference: {fileID: 0}
    - target: {fileID: 400000, guid: 3a0127c8a5ca3b74385b9d6cbeabc497, type: 3}
      propertyPath: m_LocalScale.z
      value: 1
      objectReference: {fileID: 0}
    m_RemovedComponents: []
  m_SourcePrefab: {fileID: 100100000, guid: 3a0127c8a5ca3b74385b9d6cbeabc497, type: 3}
--- !u!4 &2678662653846791959 stripped
Transform:
  m_CorrespondingSourceObject: {fileID: 400000, guid: 3a0127c8a5ca3b74385b9d6cbeabc497,
    type: 3}
  m_PrefabInstance: {fileID: 2678662653846666647}
  m_PrefabAsset: {fileID: 0}
--- !u!1001 &3478886478650141558
PrefabInstance:
  m_ObjectHideFlags: 0
  serializedVersion: 2
  m_Modification:
    m_TransformParent: {fileID: 5388108854729294901}
    m_Modifications:
    - target: {fileID: 100000, guid: 3a0127c8a5ca3b74385b9d6cbeabc497, type: 3}
      propertyPath: m_Name
      value: grass_type1 (12)
      objectReference: {fileID: 0}
    - target: {fileID: 400000, guid: 3a0127c8a5ca3b74385b9d6cbeabc497, type: 3}
      propertyPath: m_LocalPosition.x
      value: -33.794167
      objectReference: {fileID: 0}
    - target: {fileID: 400000, guid: 3a0127c8a5ca3b74385b9d6cbeabc497, type: 3}
      propertyPath: m_LocalPosition.y
      value: -11.482588
      objectReference: {fileID: 0}
    - target: {fileID: 400000, guid: 3a0127c8a5ca3b74385b9d6cbeabc497, type: 3}
      propertyPath: m_LocalPosition.z
      value: -14.800812
      objectReference: {fileID: 0}
    - target: {fileID: 400000, guid: 3a0127c8a5ca3b74385b9d6cbeabc497, type: 3}
      propertyPath: m_LocalRotation.x
      value: 0.0681798
      objectReference: {fileID: 0}
    - target: {fileID: 400000, guid: 3a0127c8a5ca3b74385b9d6cbeabc497, type: 3}
      propertyPath: m_LocalRotation.y
      value: 0.0010516186
      objectReference: {fileID: 0}
    - target: {fileID: 400000, guid: 3a0127c8a5ca3b74385b9d6cbeabc497, type: 3}
      propertyPath: m_LocalRotation.z
      value: -0.0026613695
      objectReference: {fileID: 0}
    - target: {fileID: 400000, guid: 3a0127c8a5ca3b74385b9d6cbeabc497, type: 3}
      propertyPath: m_LocalRotation.w
      value: 0.997669
      objectReference: {fileID: 0}
    - target: {fileID: 400000, guid: 3a0127c8a5ca3b74385b9d6cbeabc497, type: 3}
      propertyPath: m_RootOrder
      value: 2
      objectReference: {fileID: 0}
    - target: {fileID: 400000, guid: 3a0127c8a5ca3b74385b9d6cbeabc497, type: 3}
      propertyPath: m_LocalEulerAnglesHint.x
      value: 7.8190002
      objectReference: {fileID: 0}
    - target: {fileID: 400000, guid: 3a0127c8a5ca3b74385b9d6cbeabc497, type: 3}
      propertyPath: m_LocalEulerAnglesHint.y
      value: 0.1
      objectReference: {fileID: 0}
    - target: {fileID: 400000, guid: 3a0127c8a5ca3b74385b9d6cbeabc497, type: 3}
      propertyPath: m_LocalEulerAnglesHint.z
      value: -0.29900002
      objectReference: {fileID: 0}
    - target: {fileID: 400002, guid: 3a0127c8a5ca3b74385b9d6cbeabc497, type: 3}
      propertyPath: m_LocalRotation.x
      value: 0.09514648
      objectReference: {fileID: 0}
    - target: {fileID: 400002, guid: 3a0127c8a5ca3b74385b9d6cbeabc497, type: 3}
      propertyPath: m_LocalRotation.z
      value: -2.955858e-10
      objectReference: {fileID: 0}
    - target: {fileID: 400002, guid: 3a0127c8a5ca3b74385b9d6cbeabc497, type: 3}
      propertyPath: m_LocalRotation.w
      value: 0.9954633
      objectReference: {fileID: 0}
    - target: {fileID: 400002, guid: 3a0127c8a5ca3b74385b9d6cbeabc497, type: 3}
      propertyPath: m_LocalPosition.x
      value: 0.000000023748726
      objectReference: {fileID: 0}
    - target: {fileID: 400002, guid: 3a0127c8a5ca3b74385b9d6cbeabc497, type: 3}
      propertyPath: m_LocalPosition.y
      value: 1.2481469
      objectReference: {fileID: 0}
    - target: {fileID: 400002, guid: 3a0127c8a5ca3b74385b9d6cbeabc497, type: 3}
      propertyPath: m_LocalPosition.z
      value: 0.00000034843106
      objectReference: {fileID: 0}
    - target: {fileID: 400002, guid: 3a0127c8a5ca3b74385b9d6cbeabc497, type: 3}
      propertyPath: m_LocalEulerAnglesHint.x
      value: 10.92
      objectReference: {fileID: 0}
    - target: {fileID: 400002, guid: 3a0127c8a5ca3b74385b9d6cbeabc497, type: 3}
      propertyPath: m_LocalRotation.y
      value: -0
      objectReference: {fileID: 0}
    m_RemovedComponents: []
  m_SourcePrefab: {fileID: 100100000, guid: 3a0127c8a5ca3b74385b9d6cbeabc497, type: 3}
--- !u!4 &3478886478650536438 stripped
Transform:
  m_CorrespondingSourceObject: {fileID: 400000, guid: 3a0127c8a5ca3b74385b9d6cbeabc497,
    type: 3}
  m_PrefabInstance: {fileID: 3478886478650141558}
  m_PrefabAsset: {fileID: 0}
--- !u!1001 &4533377232173393534
PrefabInstance:
  m_ObjectHideFlags: 0
  serializedVersion: 2
  m_Modification:
    m_TransformParent: {fileID: 5388108854729294901}
    m_Modifications:
    - target: {fileID: 100000, guid: 3a0127c8a5ca3b74385b9d6cbeabc497, type: 3}
      propertyPath: m_Name
      value: grass_type1 (11)
      objectReference: {fileID: 0}
    - target: {fileID: 400000, guid: 3a0127c8a5ca3b74385b9d6cbeabc497, type: 3}
      propertyPath: m_LocalPosition.x
      value: -33.634964
      objectReference: {fileID: 0}
    - target: {fileID: 400000, guid: 3a0127c8a5ca3b74385b9d6cbeabc497, type: 3}
      propertyPath: m_LocalPosition.y
      value: -11.586613
      objectReference: {fileID: 0}
    - target: {fileID: 400000, guid: 3a0127c8a5ca3b74385b9d6cbeabc497, type: 3}
      propertyPath: m_LocalPosition.z
      value: -15.385376
      objectReference: {fileID: 0}
    - target: {fileID: 400000, guid: 3a0127c8a5ca3b74385b9d6cbeabc497, type: 3}
      propertyPath: m_LocalRotation.x
      value: -0.056568023
      objectReference: {fileID: 0}
    - target: {fileID: 400000, guid: 3a0127c8a5ca3b74385b9d6cbeabc497, type: 3}
      propertyPath: m_LocalRotation.y
      value: -0.0034152889
      objectReference: {fileID: 0}
    - target: {fileID: 400000, guid: 3a0127c8a5ca3b74385b9d6cbeabc497, type: 3}
      propertyPath: m_LocalRotation.z
      value: 0.060168322
      objectReference: {fileID: 0}
    - target: {fileID: 400000, guid: 3a0127c8a5ca3b74385b9d6cbeabc497, type: 3}
      propertyPath: m_LocalRotation.w
      value: 0.9965783
      objectReference: {fileID: 0}
    - target: {fileID: 400000, guid: 3a0127c8a5ca3b74385b9d6cbeabc497, type: 3}
      propertyPath: m_RootOrder
      value: 1
      objectReference: {fileID: 0}
    - target: {fileID: 400000, guid: 3a0127c8a5ca3b74385b9d6cbeabc497, type: 3}
      propertyPath: m_LocalEulerAnglesHint.x
      value: -6.4500003
      objectReference: {fileID: 0}
    - target: {fileID: 400000, guid: 3a0127c8a5ca3b74385b9d6cbeabc497, type: 3}
      propertyPath: m_LocalEulerAnglesHint.y
      value: -0.785
      objectReference: {fileID: 0}
    - target: {fileID: 400000, guid: 3a0127c8a5ca3b74385b9d6cbeabc497, type: 3}
      propertyPath: m_LocalEulerAnglesHint.z
      value: 6.9540005
      objectReference: {fileID: 0}
    m_RemovedComponents: []
  m_SourcePrefab: {fileID: 100100000, guid: 3a0127c8a5ca3b74385b9d6cbeabc497, type: 3}
--- !u!4 &4533377232173792510 stripped
Transform:
  m_CorrespondingSourceObject: {fileID: 400000, guid: 3a0127c8a5ca3b74385b9d6cbeabc497,
    type: 3}
  m_PrefabInstance: {fileID: 4533377232173393534}
  m_PrefabAsset: {fileID: 0}
--- !u!1001 &8436381221311065807
PrefabInstance:
  m_ObjectHideFlags: 0
  serializedVersion: 2
  m_Modification:
    m_TransformParent: {fileID: 5388108854729294901}
    m_Modifications:
    - target: {fileID: 100000, guid: 3a0127c8a5ca3b74385b9d6cbeabc497, type: 3}
      propertyPath: m_Name
      value: grass_type1 (13)
      objectReference: {fileID: 0}
    - target: {fileID: 400000, guid: 3a0127c8a5ca3b74385b9d6cbeabc497, type: 3}
      propertyPath: m_LocalPosition.x
      value: -32.974087
      objectReference: {fileID: 0}
    - target: {fileID: 400000, guid: 3a0127c8a5ca3b74385b9d6cbeabc497, type: 3}
      propertyPath: m_LocalPosition.y
      value: -11.580362
      objectReference: {fileID: 0}
    - target: {fileID: 400000, guid: 3a0127c8a5ca3b74385b9d6cbeabc497, type: 3}
      propertyPath: m_LocalPosition.z
      value: -14.350813
      objectReference: {fileID: 0}
    - target: {fileID: 400000, guid: 3a0127c8a5ca3b74385b9d6cbeabc497, type: 3}
      propertyPath: m_LocalRotation.x
      value: -0
      objectReference: {fileID: 0}
    - target: {fileID: 400000, guid: 3a0127c8a5ca3b74385b9d6cbeabc497, type: 3}
      propertyPath: m_LocalRotation.y
      value: -0
      objectReference: {fileID: 0}
    - target: {fileID: 400000, guid: 3a0127c8a5ca3b74385b9d6cbeabc497, type: 3}
      propertyPath: m_LocalRotation.z
      value: -0.096563324
      objectReference: {fileID: 0}
    - target: {fileID: 400000, guid: 3a0127c8a5ca3b74385b9d6cbeabc497, type: 3}
      propertyPath: m_LocalRotation.w
      value: 0.9953269
      objectReference: {fileID: 0}
    - target: {fileID: 400000, guid: 3a0127c8a5ca3b74385b9d6cbeabc497, type: 3}
      propertyPath: m_RootOrder
      value: 3
      objectReference: {fileID: 0}
    - target: {fileID: 400000, guid: 3a0127c8a5ca3b74385b9d6cbeabc497, type: 3}
      propertyPath: m_LocalEulerAnglesHint.x
      value: 0
      objectReference: {fileID: 0}
    - target: {fileID: 400000, guid: 3a0127c8a5ca3b74385b9d6cbeabc497, type: 3}
      propertyPath: m_LocalEulerAnglesHint.y
      value: 0
      objectReference: {fileID: 0}
    - target: {fileID: 400000, guid: 3a0127c8a5ca3b74385b9d6cbeabc497, type: 3}
      propertyPath: m_LocalEulerAnglesHint.z
      value: -11.083
      objectReference: {fileID: 0}
    - target: {fileID: 400000, guid: 3a0127c8a5ca3b74385b9d6cbeabc497, type: 3}
      propertyPath: m_LocalScale.x
      value: 1
      objectReference: {fileID: 0}
    - target: {fileID: 400000, guid: 3a0127c8a5ca3b74385b9d6cbeabc497, type: 3}
      propertyPath: m_LocalScale.y
      value: 1
      objectReference: {fileID: 0}
    - target: {fileID: 400000, guid: 3a0127c8a5ca3b74385b9d6cbeabc497, type: 3}
      propertyPath: m_LocalScale.z
      value: 1
      objectReference: {fileID: 0}
    m_RemovedComponents: []
  m_SourcePrefab: {fileID: 100100000, guid: 3a0127c8a5ca3b74385b9d6cbeabc497, type: 3}
--- !u!4 &8436381221310936143 stripped
Transform:
  m_CorrespondingSourceObject: {fileID: 400000, guid: 3a0127c8a5ca3b74385b9d6cbeabc497,
    type: 3}
  m_PrefabInstance: {fileID: 8436381221311065807}
  m_PrefabAsset: {fileID: 0}
