%YAML 1.1
%TAG !u! tag:unity3d.com,2011:
--- !u!1001 &100100000
Prefab:
  m_ObjectHideFlags: 1
  serializedVersion: 2
  m_Modification:
    m_TransformParent: {fileID: 0}
    m_Modifications: []
    m_RemovedComponents: []
  m_ParentPrefab: {fileID: 0}
  m_RootGameObject: {fileID: 1860528013920836}
  m_IsPrefabParent: 1
--- !u!1 &1514224530346936
GameObject:
  m_ObjectHideFlags: 0
  m_PrefabParentObject: {fileID: 0}
  m_PrefabInternal: {fileID: 100100000}
  serializedVersion: 5
  m_Component:
  - component: {fileID: 4209456053447760}
  - component: {fileID: 23108787094289924}
  - component: {fileID: 33003861243721418}
  - component: {fileID: 114209372474755246}
  - component: {fileID: 64179658387131648}
  - component: {fileID: 65361862512500586}
  - component: {fileID: 114696049186233074}
  m_Layer: 0
  m_Name: Arch
  m_TagString: Untagged
  m_Icon: {fileID: 0}
  m_NavMeshLayer: 0
  m_StaticEditorFlags: 0
  m_IsActive: 1
--- !u!1 &1860528013920836
GameObject:
  m_ObjectHideFlags: 0
  m_PrefabParentObject: {fileID: 0}
  m_PrefabInternal: {fileID: 100100000}
  serializedVersion: 5
  m_Component:
  - component: {fileID: 4874913437925006}
  - component: {fileID: 23944039259747036}
  - component: {fileID: 33660329799613070}
  - component: {fileID: 114653286415225170}
  - component: {fileID: 64708745182317404}
  - component: {fileID: 95649188442306516}
  m_Layer: 0
  m_Name: BasketBallActivator
  m_TagString: Untagged
  m_Icon: {fileID: 0}
  m_NavMeshLayer: 0
  m_StaticEditorFlags: 127
  m_IsActive: 1
--- !u!4 &4209456053447760
Transform:
  m_ObjectHideFlags: 1
  m_PrefabParentObject: {fileID: 0}
  m_PrefabInternal: {fileID: 100100000}
  m_GameObject: {fileID: 1514224530346936}
  m_LocalRotation: {x: 0.5, y: -0.5, z: 0.49999854, w: 0.5000015}
  m_LocalPosition: {x: 4.7449136, y: 20.440002, z: 3.4499831}
  m_LocalScale: {x: 1.4, y: 1.4, z: 1.4}
  m_Children: []
  m_Father: {fileID: 4874913437925006}
  m_RootOrder: 0
  m_LocalEulerAnglesHint: {x: 90.00001, y: 0, z: 0}
--- !u!4 &4874913437925006
Transform:
  m_ObjectHideFlags: 1
  m_PrefabParentObject: {fileID: 0}
  m_PrefabInternal: {fileID: 100100000}
  m_GameObject: {fileID: 1860528013920836}
  m_LocalRotation: {x: -0, y: 0.70710576, z: -0, w: 0.7071079}
  m_LocalPosition: {x: -73.6, y: 93, z: 579.6}
  m_LocalScale: {x: 1, y: 1.208957, z: 1}
  m_Children:
  - {fileID: 4209456053447760}
  m_Father: {fileID: 0}
  m_RootOrder: 0
  m_LocalEulerAnglesHint: {x: 0, y: 90.00001, z: 0}
--- !u!23 &23108787094289924
MeshRenderer:
  m_ObjectHideFlags: 1
  m_PrefabParentObject: {fileID: 0}
  m_PrefabInternal: {fileID: 100100000}
  m_GameObject: {fileID: 1514224530346936}
  m_Enabled: 1
  m_CastShadows: 2
  m_ReceiveShadows: 1
  m_DynamicOccludee: 1
  m_MotionVectors: 1
  m_LightProbeUsage: 1
  m_ReflectionProbeUsage: 1
  m_RenderingLayerMask: 4294967295
  m_Materials:
  - {fileID: 2100000, guid: f8af10ae2c674e569782e57b09c76a13, type: 2}
  m_StaticBatchInfo:
    firstSubMesh: 0
    subMeshCount: 0
  m_StaticBatchRoot: {fileID: 0}
  m_ProbeAnchor: {fileID: 0}
  m_LightProbeVolumeOverride: {fileID: 0}
  m_ScaleInLightmap: 1
  m_PreserveUVs: 0
  m_IgnoreNormalsForChartDetection: 0
  m_ImportantGI: 0
  m_StitchLightmapSeams: 0
  m_SelectedEditorRenderState: 2
  m_MinimumChartSize: 4
  m_AutoUVMaxDistance: 0.5
  m_AutoUVMaxAngle: 89
  m_LightmapParameters: {fileID: 0}
  m_SortingLayerID: 0
  m_SortingLayer: 0
  m_SortingOrder: 0
--- !u!23 &23944039259747036
MeshRenderer:
  m_ObjectHideFlags: 1
  m_PrefabParentObject: {fileID: 0}
  m_PrefabInternal: {fileID: 100100000}
  m_GameObject: {fileID: 1860528013920836}
  m_Enabled: 1
  m_CastShadows: 2
  m_ReceiveShadows: 1
  m_DynamicOccludee: 1
  m_MotionVectors: 1
  m_LightProbeUsage: 1
  m_ReflectionProbeUsage: 1
  m_RenderingLayerMask: 4294967295
  m_Materials:
  - {fileID: 2100000, guid: f8af10ae2c674e569782e57b09c76a13, type: 2}
  m_StaticBatchInfo:
    firstSubMesh: 0
    subMeshCount: 0
  m_StaticBatchRoot: {fileID: 0}
  m_ProbeAnchor: {fileID: 0}
  m_LightProbeVolumeOverride: {fileID: 0}
  m_ScaleInLightmap: 1
  m_PreserveUVs: 0
  m_IgnoreNormalsForChartDetection: 0
  m_ImportantGI: 0
  m_StitchLightmapSeams: 0
  m_SelectedEditorRenderState: 2
  m_MinimumChartSize: 4
  m_AutoUVMaxDistance: 0.5
  m_AutoUVMaxAngle: 89
  m_LightmapParameters: {fileID: 0}
  m_SortingLayerID: 0
  m_SortingLayer: 0
  m_SortingOrder: 0
--- !u!33 &33003861243721418
MeshFilter:
  m_ObjectHideFlags: 1
  m_PrefabParentObject: {fileID: 0}
  m_PrefabInternal: {fileID: 100100000}
  m_GameObject: {fileID: 1514224530346936}
  m_Mesh: {fileID: 0}
--- !u!33 &33660329799613070
MeshFilter:
  m_ObjectHideFlags: 1
  m_PrefabParentObject: {fileID: 0}
  m_PrefabInternal: {fileID: 100100000}
  m_GameObject: {fileID: 1860528013920836}
  m_Mesh: {fileID: 0}
--- !u!64 &64179658387131648
MeshCollider:
  m_ObjectHideFlags: 1
  m_PrefabParentObject: {fileID: 0}
  m_PrefabInternal: {fileID: 100100000}
  m_GameObject: {fileID: 1514224530346936}
  m_Material: {fileID: 0}
  m_IsTrigger: 0
  m_Enabled: 1
  serializedVersion: 3
  m_Convex: 0
  m_CookingOptions: 14
  m_SkinWidth: 0.01
  m_Mesh: {fileID: 0}
--- !u!64 &64708745182317404
MeshCollider:
  m_ObjectHideFlags: 1
  m_PrefabParentObject: {fileID: 0}
  m_PrefabInternal: {fileID: 100100000}
  m_GameObject: {fileID: 1860528013920836}
  m_Material: {fileID: 0}
  m_IsTrigger: 0
  m_Enabled: 1
  serializedVersion: 3
  m_Convex: 0
  m_CookingOptions: 14
  m_SkinWidth: 0.01
  m_Mesh: {fileID: 0}
--- !u!65 &65361862512500586
BoxCollider:
  m_ObjectHideFlags: 1
  m_PrefabParentObject: {fileID: 0}
  m_PrefabInternal: {fileID: 100100000}
  m_GameObject: {fileID: 1514224530346936}
  m_Material: {fileID: 0}
  m_IsTrigger: 1
  m_Enabled: 1
  serializedVersion: 2
  m_Size: {x: 2.1660883, y: 1.1903592, z: 0.34000003}
  m_Center: {x: -3.0804338, y: -0.03964675, z: 0.16999999}
--- !u!95 &95649188442306516
Animator:
  serializedVersion: 3
  m_ObjectHideFlags: 1
  m_PrefabParentObject: {fileID: 0}
  m_PrefabInternal: {fileID: 100100000}
  m_GameObject: {fileID: 1860528013920836}
  m_Enabled: 1
  m_Avatar: {fileID: 0}
  m_Controller: {fileID: 0}
  m_CullingMode: 0
  m_UpdateMode: 0
  m_ApplyRootMotion: 0
  m_LinearVelocityBlending: 0
  m_WarningMessage: 
  m_HasTransformHierarchy: 1
  m_AllowConstantClipSamplingOptimization: 1
  m_KeepAnimatorControllerStateOnDisable: 0
--- !u!114 &114209372474755246
MonoBehaviour:
  m_ObjectHideFlags: 1
  m_PrefabParentObject: {fileID: 0}
  m_PrefabInternal: {fileID: 100100000}
  m_GameObject: {fileID: 1514224530346936}
  m_Enabled: 1
  m_EditorHideFlags: 0
  m_Script: {fileID: 232430130, guid: 4f0627da958b4bb78c260446066f065f, type: 3}
  m_Name: 
  m_EditorClassIdentifier: 
  _quads:
  - _indices: 000000000100000002000000010000000300000002000000
    _distinctIndices: 00000000010000000200000003000000
    _edges:
    - x: 0
      y: 1
    - x: 2
      y: 0
    - x: 1
      y: 3
    - x: 3
      y: 2
    _smoothingGroup: 0
    _uv:
      useWorldSpace: 0
      flipU: 0
      flipV: 0
      swapUV: 0
      fill: 1
      scale: {x: 1, y: 1}
      offset: {x: 0, y: 0}
      rotation: 0
      justify: 0
      localPivot: {x: 0.17, y: 1.1480503}
      localSize: {x: 0, y: 0}
      anchor: 9
    _mat: {fileID: 2100000, guid: f8af10ae2c674e569782e57b09c76a13, type: 2}
    manualUV: 0
    textureGroup: -1
  - _indices: 040000000500000006000000050000000700000006000000
    _distinctIndices: 04000000050000000600000007000000
    _edges:
    - x: 4
      y: 5
    - x: 6
      y: 4
    - x: 5
      y: 7
    - x: 7
      y: 6
    _smoothingGroup: 0
    _uv:
      useWorldSpace: 0
      flipU: 0
      flipV: 0
      swapUV: 0
      fill: 1
      scale: {x: 1, y: 1}
      offset: {x: 0, y: 0}
      rotation: 0
      justify: 0
      localPivot: {x: -0.17, y: 1.1480504}
      localSize: {x: 0, y: 0}
      anchor: 9
    _mat: {fileID: 2100000, guid: f8af10ae2c674e569782e57b09c76a13, type: 2}
    manualUV: 0
    textureGroup: -1
  - _indices: 08000000090000000a000000090000000b0000000a000000
    _distinctIndices: 08000000090000000a0000000b000000
    _edges:
    - x: 8
      y: 9
    - x: 10
      y: 8
    - x: 9
      y: 11
    - x: 11
      y: 10
    _smoothingGroup: 0
    _uv:
      useWorldSpace: 0
      flipU: 0
      flipV: 0
      swapUV: 0
      fill: 1
      scale: {x: 1, y: 1}
      offset: {x: 0, y: 0}
      rotation: 0
      justify: 0
      localPivot: {x: -2.7716389, y: 0.17}
      localSize: {x: 0, y: 0}
      anchor: 9
    _mat: {fileID: 2100000, guid: f8af10ae2c674e569782e57b09c76a13, type: 2}
    manualUV: 0
    textureGroup: -1
  - _indices: 0c0000000d0000000e0000000d0000000f0000000e000000
    _distinctIndices: 0c0000000d0000000e0000000f000000
    _edges:
    - x: 12
      y: 13
    - x: 14
      y: 12
    - x: 13
      y: 15
    - x: 15
      y: 14
    _smoothingGroup: 0
    _uv:
      useWorldSpace: 0
      flipU: 0
      flipV: 0
      swapUV: 0
      fill: 1
      scale: {x: 1, y: 1}
      offset: {x: 0, y: 0}
      rotation: 0
      justify: 0
      localPivot: {x: 2.7716386, y: 0.17}
      localSize: {x: 0, y: 0}
      anchor: 9
    _mat: {fileID: 2100000, guid: f8af10ae2c674e569782e57b09c76a13, type: 2}
    manualUV: 0
    textureGroup: -1
  - _indices: 100000001100000012000000110000001300000012000000
    _distinctIndices: 10000000110000001200000013000000
    _edges:
    - x: 16
      y: 17
    - x: 18
      y: 16
    - x: 17
      y: 19
    - x: 19
      y: 18
    _smoothingGroup: 0
    _uv:
      useWorldSpace: 0
      flipU: 0
      flipV: 0
      swapUV: 0
      fill: 1
      scale: {x: 1, y: 1}
      offset: {x: 0, y: 0}
      rotation: 0
      justify: 0
      localPivot: {x: -2.7716384, y: 0.17}
      localSize: {x: 0, y: 0}
      anchor: 9
    _mat: {fileID: 2100000, guid: f8af10ae2c674e569782e57b09c76a13, type: 2}
    manualUV: 0
    textureGroup: -1
  - _indices: 140000001500000016000000150000001700000016000000
    _distinctIndices: 14000000150000001600000017000000
    _edges:
    - x: 20
      y: 21
    - x: 22
      y: 20
    - x: 21
      y: 23
    - x: 23
      y: 22
    _smoothingGroup: 0
    _uv:
      useWorldSpace: 0
      flipU: 0
      flipV: 0
      swapUV: 0
      fill: 1
      scale: {x: 1, y: 1}
      offset: {x: 0, y: 0}
      rotation: 0
      justify: 0
      localPivot: {x: 2.7716382, y: 0.17}
      localSize: {x: 0, y: 0}
      anchor: 9
    _mat: {fileID: 2100000, guid: f8af10ae2c674e569782e57b09c76a13, type: 2}
    manualUV: 0
    textureGroup: -1
  - _indices: 18000000190000001a000000190000001b0000001a000000
    _distinctIndices: 18000000190000001a0000001b000000
    _edges:
    - x: 24
      y: 25
    - x: 26
      y: 24
    - x: 25
      y: 27
    - x: 27
      y: 26
    _smoothingGroup: 0
    _uv:
      useWorldSpace: 0
      flipU: 0
      flipV: 0
      swapUV: 0
      fill: 1
      scale: {x: 1, y: 1}
      offset: {x: 0, y: 0}
      rotation: 0
      justify: 0
      localPivot: {x: -0.17, y: -1.1480505}
      localSize: {x: 0, y: 0}
      anchor: 9
    _mat: {fileID: 2100000, guid: f8af10ae2c674e569782e57b09c76a13, type: 2}
    manualUV: 0
    textureGroup: -1
  - _indices: 1c0000001d0000001e0000001d0000001f0000001e000000
    _distinctIndices: 1c0000001d0000001e0000001f000000
    _edges:
    - x: 28
      y: 29
    - x: 30
      y: 28
    - x: 29
      y: 31
    - x: 31
      y: 30
    _smoothingGroup: 0
    _uv:
      useWorldSpace: 0
      flipU: 0
      flipV: 0
      swapUV: 0
      fill: 1
      scale: {x: 1, y: 1}
      offset: {x: 0, y: 0}
      rotation: 0
      justify: 0
      localPivot: {x: 0.17, y: -1.1480501}
      localSize: {x: 0, y: 0}
      anchor: 9
    _mat: {fileID: 2100000, guid: f8af10ae2c674e569782e57b09c76a13, type: 2}
    manualUV: 0
    textureGroup: -1
  - _indices: 200000002100000022000000210000002300000022000000
    _distinctIndices: 20000000210000002200000023000000
    _edges:
    - x: 32
      y: 33
    - x: 34
      y: 32
    - x: 33
      y: 35
    - x: 35
      y: 34
    _smoothingGroup: 0
    _uv:
      useWorldSpace: 0
      flipU: 0
      flipV: 0
      swapUV: 0
      fill: 1
      scale: {x: 1, y: 1}
      offset: {x: 0, y: 0}
      rotation: 0
      justify: 0
      localPivot: {x: -0.17, y: 1.1480498}
      localSize: {x: 0, y: 0}
      anchor: 9
    _mat: {fileID: 2100000, guid: f8af10ae2c674e569782e57b09c76a13, type: 2}
    manualUV: 0
    textureGroup: -1
  - _indices: 240000002500000026000000250000002700000026000000
    _distinctIndices: 24000000250000002600000027000000
    _edges:
    - x: 36
      y: 37
    - x: 38
      y: 36
    - x: 37
      y: 39
    - x: 39
      y: 38
    _smoothingGroup: 0
    _uv:
      useWorldSpace: 0
      flipU: 0
      flipV: 0
      swapUV: 0
      fill: 1
      scale: {x: 1, y: 1}
      offset: {x: 0, y: 0}
      rotation: 0
      justify: 0
      localPivot: {x: 0.17, y: 1.1480497}
      localSize: {x: 0, y: 0}
      anchor: 9
    _mat: {fileID: 2100000, guid: f8af10ae2c674e569782e57b09c76a13, type: 2}
    manualUV: 0
    textureGroup: -1
  - _indices: 28000000290000002a000000290000002b0000002a000000
    _distinctIndices: 28000000290000002a0000002b000000
    _edges:
    - x: 40
      y: 41
    - x: 42
      y: 40
    - x: 41
      y: 43
    - x: 43
      y: 42
    _smoothingGroup: 0
    _uv:
      useWorldSpace: 0
      flipU: 0
      flipV: 0
      swapUV: 0
      fill: 1
      scale: {x: 1, y: 1}
      offset: {x: 0, y: 0}
      rotation: 0
      justify: 0
      localPivot: {x: 2.7716389, y: 0.17}
      localSize: {x: 0, y: 0}
      anchor: 9
    _mat: {fileID: 2100000, guid: f8af10ae2c674e569782e57b09c76a13, type: 2}
    manualUV: 0
    textureGroup: -1
  - _indices: 2c0000002d0000002e0000002d0000002f0000002e000000
    _distinctIndices: 2c0000002d0000002e0000002f000000
    _edges:
    - x: 44
      y: 45
    - x: 46
      y: 44
    - x: 45
      y: 47
    - x: 47
      y: 46
    _smoothingGroup: 0
    _uv:
      useWorldSpace: 0
      flipU: 0
      flipV: 0
      swapUV: 0
      fill: 1
      scale: {x: 1, y: 1}
      offset: {x: 0, y: 0}
      rotation: 0
      justify: 0
      localPivot: {x: -2.7716389, y: 0.17}
      localSize: {x: 0, y: 0}
      anchor: 9
    _mat: {fileID: 2100000, guid: f8af10ae2c674e569782e57b09c76a13, type: 2}
    manualUV: 0
    textureGroup: -1
  - _indices: 300000003100000032000000310000003300000032000000
    _distinctIndices: 30000000310000003200000033000000
    _edges:
    - x: 48
      y: 49
    - x: 50
      y: 48
    - x: 49
      y: 51
    - x: 51
      y: 50
    _smoothingGroup: 0
    _uv:
      useWorldSpace: 0
      flipU: 0
      flipV: 0
      swapUV: 0
      fill: 1
      scale: {x: 1, y: 1}
      offset: {x: 0, y: 0}
      rotation: 0
      justify: 0
      localPivot: {x: 2.7716386, y: 0.17}
      localSize: {x: 0, y: 0}
      anchor: 9
    _mat: {fileID: 2100000, guid: f8af10ae2c674e569782e57b09c76a13, type: 2}
    manualUV: 0
    textureGroup: -1
  - _indices: 340000003500000036000000350000003700000036000000
    _distinctIndices: 34000000350000003600000037000000
    _edges:
    - x: 52
      y: 53
    - x: 54
      y: 52
    - x: 53
      y: 55
    - x: 55
      y: 54
    _smoothingGroup: 0
    _uv:
      useWorldSpace: 0
      flipU: 0
      flipV: 0
      swapUV: 0
      fill: 1
      scale: {x: 1, y: 1}
      offset: {x: 0, y: 0}
      rotation: 0
      justify: 0
      localPivot: {x: -2.7716389, y: 0.17}
      localSize: {x: 0, y: 0}
      anchor: 9
    _mat: {fileID: 2100000, guid: f8af10ae2c674e569782e57b09c76a13, type: 2}
    manualUV: 0
    textureGroup: -1
  - _indices: 38000000390000003a000000390000003b0000003a000000
    _distinctIndices: 38000000390000003a0000003b000000
    _edges:
    - x: 56
      y: 57
    - x: 58
      y: 56
    - x: 57
      y: 59
    - x: 59
      y: 58
    _smoothingGroup: 0
    _uv:
      useWorldSpace: 0
      flipU: 0
      flipV: 0
      swapUV: 0
      fill: 1
      scale: {x: 1, y: 1}
      offset: {x: 0, y: 0}
      rotation: 0
      justify: 0
      localPivot: {x: 0.17, y: -1.1480503}
      localSize: {x: 0, y: 0}
      anchor: 9
    _mat: {fileID: 2100000, guid: f8af10ae2c674e569782e57b09c76a13, type: 2}
    manualUV: 0
    textureGroup: -1
  - _indices: 3c0000003d0000003e0000003d0000003f0000003e000000
    _distinctIndices: 3c0000003d0000003e0000003f000000
    _edges:
    - x: 60
      y: 61
    - x: 62
      y: 60
    - x: 61
      y: 63
    - x: 63
      y: 62
    _smoothingGroup: 0
    _uv:
      useWorldSpace: 0
      flipU: 0
      flipV: 0
      swapUV: 0
      fill: 1
      scale: {x: 1, y: 1}
      offset: {x: 0, y: 0}
      rotation: 0
      justify: 0
      localPivot: {x: -0.17, y: -1.1480504}
      localSize: {x: 0, y: 0}
      anchor: 9
    _mat: {fileID: 2100000, guid: f8af10ae2c674e569782e57b09c76a13, type: 2}
    manualUV: 0
    textureGroup: -1
  - _indices: 400000004100000042000000410000004300000042000000
    _distinctIndices: 40000000410000004200000043000000
    _edges:
    - x: 64
      y: 65
    - x: 66
      y: 64
    - x: 65
      y: 67
    - x: 67
      y: 66
    _smoothingGroup: 0
    _uv:
      useWorldSpace: 0
      flipU: 0
      flipV: 0
      swapUV: 0
      fill: 1
      scale: {x: 1, y: 1}
      offset: {x: 0, y: 0}
      rotation: 0
      justify: 0
      localPivot: {x: 0.5312637, y: 1.0606601}
      localSize: {x: 0, y: 0}
      anchor: 9
    _mat: {fileID: 2100000, guid: f8af10ae2c674e569782e57b09c76a13, type: 2}
    manualUV: 0
    textureGroup: -1
  - _indices: 440000004500000046000000450000004700000046000000
    _distinctIndices: 44000000450000004600000047000000
    _edges:
    - x: 68
      y: 69
    - x: 70
      y: 68
    - x: 69
      y: 71
    - x: 71
      y: 70
    _smoothingGroup: 0
    _uv:
      useWorldSpace: 0
      flipU: 0
      flipV: 0
      swapUV: 0
      fill: 1
      scale: {x: 1, y: 1}
      offset: {x: 0, y: 0}
      rotation: 0
      justify: 0
      localPivot: {x: -0.5312637, y: 1.0606601}
      localSize: {x: 0, y: 0}
      anchor: 9
    _mat: {fileID: 2100000, guid: f8af10ae2c674e569782e57b09c76a13, type: 2}
    manualUV: 0
    textureGroup: -1
  - _indices: 48000000490000004a000000490000004b0000004a000000
    _distinctIndices: 48000000490000004a0000004b000000
    _edges:
    - x: 72
      y: 73
    - x: 74
      y: 72
    - x: 73
      y: 75
    - x: 75
      y: 74
    _smoothingGroup: 0
    _uv:
      useWorldSpace: 0
      flipU: 0
      flipV: 0
      swapUV: 0
      fill: 1
      scale: {x: 1, y: 1}
      offset: {x: 0, y: 0}
      rotation: 0
      justify: 0
      localPivot: {x: 1.93934, y: 2.4687362}
      localSize: {x: 0, y: 0}
      anchor: 9
    _mat: {fileID: 2100000, guid: f8af10ae2c674e569782e57b09c76a13, type: 2}
    manualUV: 0
    textureGroup: -1
  - _indices: 4c0000004d0000004e0000004d0000004f0000004e000000
    _distinctIndices: 4c0000004d0000004e0000004f000000
    _edges:
    - x: 76
      y: 77
    - x: 78
      y: 76
    - x: 77
      y: 79
    - x: 79
      y: 78
    _smoothingGroup: 0
    _uv:
      useWorldSpace: 0
      flipU: 0
      flipV: 0
      swapUV: 0
      fill: 1
      scale: {x: 1, y: 1}
      offset: {x: 0, y: 0}
      rotation: 0
      justify: 0
      localPivot: {x: -1.93934, y: 2.4687362}
      localSize: {x: 0, y: 0}
      anchor: 9
    _mat: {fileID: 2100000, guid: f8af10ae2c674e569782e57b09c76a13, type: 2}
    manualUV: 0
    textureGroup: -1
  - _indices: 500000005100000052000000510000005300000052000000
    _distinctIndices: 50000000510000005200000053000000
    _edges:
    - x: 80
      y: 81
    - x: 82
      y: 80
    - x: 81
      y: 83
    - x: 83
      y: 82
    _smoothingGroup: 0
    _uv:
      useWorldSpace: 0
      flipU: 0
      flipV: 0
      swapUV: 0
      fill: 1
      scale: {x: 1, y: 1}
      offset: {x: 0, y: 0}
      rotation: 0
      justify: 0
      localPivot: {x: 4.0606604, y: 2.4687362}
      localSize: {x: 0, y: 0}
      anchor: 9
    _mat: {fileID: 2100000, guid: f8af10ae2c674e569782e57b09c76a13, type: 2}
    manualUV: 0
    textureGroup: -1
  - _indices: 540000005500000056000000550000005700000056000000
    _distinctIndices: 54000000550000005600000057000000
    _edges:
    - x: 84
      y: 85
    - x: 86
      y: 84
    - x: 85
      y: 87
    - x: 87
      y: 86
    _smoothingGroup: 0
    _uv:
      useWorldSpace: 0
      flipU: 0
      flipV: 0
      swapUV: 0
      fill: 1
      scale: {x: 1, y: 1}
      offset: {x: 0, y: 0}
      rotation: 0
      justify: 0
      localPivot: {x: -4.0606604, y: 2.4687362}
      localSize: {x: 0, y: 0}
      anchor: 9
    _mat: {fileID: 2100000, guid: f8af10ae2c674e569782e57b09c76a13, type: 2}
    manualUV: 0
    textureGroup: -1
  - _indices: 58000000590000005a000000590000005b0000005a000000
    _distinctIndices: 58000000590000005a0000005b000000
    _edges:
    - x: 88
      y: 89
    - x: 90
      y: 88
    - x: 89
      y: 91
    - x: 91
      y: 90
    _smoothingGroup: 0
    _uv:
      useWorldSpace: 0
      flipU: 0
      flipV: 0
      swapUV: 0
      fill: 1
      scale: {x: 1, y: 1}
      offset: {x: 0, y: 0}
      rotation: 0
      justify: 0
      localPivot: {x: 5.468736, y: 1.06066}
      localSize: {x: 0, y: 0}
      anchor: 9
    _mat: {fileID: 2100000, guid: f8af10ae2c674e569782e57b09c76a13, type: 2}
    manualUV: 0
    textureGroup: -1
  - _indices: 5c0000005d0000005e0000005d0000005f0000005e000000
    _distinctIndices: 5c0000005d0000005e0000005f000000
    _edges:
    - x: 92
      y: 93
    - x: 94
      y: 92
    - x: 93
      y: 95
    - x: 95
      y: 94
    _smoothingGroup: 0
    _uv:
      useWorldSpace: 0
      flipU: 0
      flipV: 0
      swapUV: 0
      fill: 1
      scale: {x: 1, y: 1}
      offset: {x: 0, y: 0}
      rotation: 0
      justify: 0
      localPivot: {x: -5.468736, y: 1.06066}
      localSize: {x: 0, y: 0}
      anchor: 9
    _mat: {fileID: 2100000, guid: f8af10ae2c674e569782e57b09c76a13, type: 2}
    manualUV: 0
    textureGroup: -1
  - _indices: 600000006100000062000000610000006300000062000000
    _distinctIndices: 60000000610000006200000063000000
    _edges:
    - x: 96
      y: 97
    - x: 98
      y: 96
    - x: 97
      y: 99
    - x: 99
      y: 98
    _smoothingGroup: 0
    _uv:
      useWorldSpace: 0
      flipU: 0
      flipV: 0
      swapUV: 0
      fill: 1
      scale: {x: 1, y: 1}
      offset: {x: 0, y: 0}
      rotation: 0
      justify: 0
      localPivot: {x: 5.4687366, y: -1.0606602}
      localSize: {x: 0, y: 0}
      anchor: 9
    _mat: {fileID: 2100000, guid: f8af10ae2c674e569782e57b09c76a13, type: 2}
    manualUV: 0
    textureGroup: -1
  - _indices: 640000006500000066000000650000006700000066000000
    _distinctIndices: 64000000650000006600000067000000
    _edges:
    - x: 100
      y: 101
    - x: 102
      y: 100
    - x: 101
      y: 103
    - x: 103
      y: 102
    _smoothingGroup: 0
    _uv:
      useWorldSpace: 0
      flipU: 0
      flipV: 0
      swapUV: 0
      fill: 1
      scale: {x: 1, y: 1}
      offset: {x: 0, y: 0}
      rotation: 0
      justify: 0
      localPivot: {x: -5.4687366, y: -1.0606602}
      localSize: {x: 0, y: 0}
      anchor: 9
    _mat: {fileID: 2100000, guid: f8af10ae2c674e569782e57b09c76a13, type: 2}
    manualUV: 0
    textureGroup: -1
  - _indices: 68000000690000006a000000690000006b0000006a000000
    _distinctIndices: 68000000690000006a0000006b000000
    _edges:
    - x: 104
      y: 105
    - x: 106
      y: 104
    - x: 105
      y: 107
    - x: 107
      y: 106
    _smoothingGroup: 0
    _uv:
      useWorldSpace: 0
      flipU: 0
      flipV: 0
      swapUV: 0
      fill: 1
      scale: {x: 1, y: 1}
      offset: {x: 0, y: 0}
      rotation: 0
      justify: 0
      localPivot: {x: 4.0606604, y: -2.4687362}
      localSize: {x: 0, y: 0}
      anchor: 9
    _mat: {fileID: 2100000, guid: f8af10ae2c674e569782e57b09c76a13, type: 2}
    manualUV: 0
    textureGroup: -1
  - _indices: 6c0000006d0000006e0000006d0000006f0000006e000000
    _distinctIndices: 6c0000006d0000006e0000006f000000
    _edges:
    - x: 108
      y: 109
    - x: 110
      y: 108
    - x: 109
      y: 111
    - x: 111
      y: 110
    _smoothingGroup: 0
    _uv:
      useWorldSpace: 0
      flipU: 0
      flipV: 0
      swapUV: 0
      fill: 1
      scale: {x: 1, y: 1}
      offset: {x: 0, y: 0}
      rotation: 0
      justify: 0
      localPivot: {x: -4.0606604, y: -2.4687362}
      localSize: {x: 0, y: 0}
      anchor: 9
    _mat: {fileID: 2100000, guid: f8af10ae2c674e569782e57b09c76a13, type: 2}
    manualUV: 0
    textureGroup: -1
  - _indices: 700000007100000072000000710000007300000072000000
    _distinctIndices: 70000000710000007200000073000000
    _edges:
    - x: 112
      y: 113
    - x: 114
      y: 112
    - x: 113
      y: 115
    - x: 115
      y: 114
    _smoothingGroup: 0
    _uv:
      useWorldSpace: 0
      flipU: 0
      flipV: 0
      swapUV: 0
      fill: 1
      scale: {x: 1, y: 1}
      offset: {x: 0, y: 0}
      rotation: 0
      justify: 0
      localPivot: {x: 1.93934, y: -2.4687364}
      localSize: {x: 0, y: 0}
      anchor: 9
    _mat: {fileID: 2100000, guid: f8af10ae2c674e569782e57b09c76a13, type: 2}
    manualUV: 0
    textureGroup: -1
  - _indices: 740000007500000076000000750000007700000076000000
    _distinctIndices: 74000000750000007600000077000000
    _edges:
    - x: 116
      y: 117
    - x: 118
      y: 116
    - x: 117
      y: 119
    - x: 119
      y: 118
    _smoothingGroup: 0
    _uv:
      useWorldSpace: 0
      flipU: 0
      flipV: 0
      swapUV: 0
      fill: 1
      scale: {x: 1, y: 1}
      offset: {x: 0, y: 0}
      rotation: 0
      justify: 0
      localPivot: {x: -1.93934, y: -2.4687364}
      localSize: {x: 0, y: 0}
      anchor: 9
    _mat: {fileID: 2100000, guid: f8af10ae2c674e569782e57b09c76a13, type: 2}
    manualUV: 0
    textureGroup: -1
  - _indices: 78000000790000007a000000790000007b0000007a000000
    _distinctIndices: 78000000790000007a0000007b000000
    _edges:
    - x: 120
      y: 121
    - x: 122
      y: 120
    - x: 121
      y: 123
    - x: 123
      y: 122
    _smoothingGroup: 0
    _uv:
      useWorldSpace: 0
      flipU: 0
      flipV: 0
      swapUV: 0
      fill: 1
      scale: {x: 1, y: 1}
      offset: {x: 0, y: 0}
      rotation: 0
      justify: 0
      localPivot: {x: 0.5312639, y: -1.0606601}
      localSize: {x: 0, y: 0}
      anchor: 9
    _mat: {fileID: 2100000, guid: f8af10ae2c674e569782e57b09c76a13, type: 2}
    manualUV: 0
    textureGroup: -1
  - _indices: 7c0000007d0000007e0000007d0000007f0000007e000000
    _distinctIndices: 7c0000007d0000007e0000007f000000
    _edges:
    - x: 124
      y: 125
    - x: 126
      y: 124
    - x: 125
      y: 127
    - x: 127
      y: 126
    _smoothingGroup: 0
    _uv:
      useWorldSpace: 0
      flipU: 0
      flipV: 0
      swapUV: 0
      fill: 1
      scale: {x: 1, y: 1}
      offset: {x: 0, y: 0}
      rotation: 0
      justify: 0
      localPivot: {x: -0.5312639, y: -1.0606601}
      localSize: {x: 0, y: 0}
      anchor: 9
    _mat: {fileID: 2100000, guid: f8af10ae2c674e569782e57b09c76a13, type: 2}
    manualUV: 0
    textureGroup: -1
  _sharedIndices:
  - array: 0000000039000000450000007c000000
  - array: 0100000008000000440000004d000000
  - array: 020000003b0000004000000079000000
  - array: 030000000a0000004100000048000000
  - array: 040000000d000000460000004f000000
  - array: 050000003c000000470000007e000000
  - array: 060000000f000000430000004a000000
  - array: 070000003e000000420000007b000000
  - array: 09000000100000004c00000055000000
  - array: 0b000000120000004900000050000000
  - array: 0c000000150000004e00000057000000
  - array: 0e000000170000004b00000052000000
  - array: 1100000018000000540000005d000000
  - array: 130000001a0000005100000058000000
  - array: 140000001d000000560000005f000000
  - array: 160000001f000000530000005a000000
  - array: 19000000200000005c00000065000000
  - array: 1b000000220000005900000060000000
  - array: 1c000000250000005e00000067000000
  - array: 1e000000270000005b00000062000000
  - array: 2100000028000000640000006d000000
  - array: 230000002a0000006100000068000000
  - array: 240000002d000000660000006f000000
  - array: 260000002f000000630000006a000000
  - array: 29000000300000006c00000075000000
  - array: 2b000000320000006900000070000000
  - array: 2c000000350000006e00000077000000
  - array: 2e000000370000006b00000072000000
  - array: 3100000038000000740000007d000000
  - array: 330000003a0000007100000078000000
  - array: 340000003d000000760000007f000000
  - array: 360000003f000000730000007a000000
  _vertices:
  - {x: 0, y: 0, z: 0}
  - {x: -0.87867975, y: 2.1213202, z: 0}
  - {x: 0, y: 0, z: 0.34}
  - {x: -0.87867975, y: 2.1213202, z: 0.34}
  - {x: -1.0625274, y: 1.9374726, z: 0}
  - {x: -0.26, y: 0, z: 0}
  - {x: -1.0625274, y: 1.9374726, z: 0.34}
  - {x: -0.26, y: 0, z: 0.34}
  - {x: -0.87867975, y: 2.1213202, z: 0}
  - {x: -3.0000002, y: 3, z: 0}
  - {x: -0.87867975, y: 2.1213202, z: 0.34}
  - {x: -3.0000002, y: 3, z: 0.34}
  - {x: -3.0000002, y: 2.74, z: 0}
  - {x: -1.0625274, y: 1.9374726, z: 0}
  - {x: -3.0000002, y: 2.74, z: 0.34}
  - {x: -1.0625274, y: 1.9374726, z: 0.34}
  - {x: -3.0000002, y: 3, z: 0}
  - {x: -5.1213202, y: 2.1213202, z: 0}
  - {x: -3.0000002, y: 3, z: 0.34}
  - {x: -5.1213202, y: 2.1213202, z: 0.34}
  - {x: -4.9374723, y: 1.9374726, z: 0}
  - {x: -3.0000002, y: 2.74, z: 0}
  - {x: -4.9374723, y: 1.9374726, z: 0.34}
  - {x: -3.0000002, y: 2.74, z: 0.34}
  - {x: -5.1213202, y: 2.1213202, z: 0}
  - {x: -6, y: -0.00000026226832, z: 0}
  - {x: -5.1213202, y: 2.1213202, z: 0.34}
  - {x: -6, y: -0.00000026226832, z: 0.34}
  - {x: -5.74, y: -0.0000002395384, z: 0}
  - {x: -4.9374723, y: 1.9374726, z: 0}
  - {x: -5.74, y: -0.0000002395384, z: 0.34}
  - {x: -4.9374723, y: 1.9374726, z: 0.34}
  - {x: -6, y: -0.00000026226832, z: 0}
  - {x: -5.1213207, y: -2.1213202, z: 0}
  - {x: -6, y: -0.00000026226832, z: 0.34}
  - {x: -5.1213207, y: -2.1213202, z: 0.34}
  - {x: -4.937473, y: -1.9374723, z: 0}
  - {x: -5.74, y: -0.0000002395384, z: 0}
  - {x: -4.937473, y: -1.9374723, z: 0.34}
  - {x: -5.74, y: -0.0000002395384, z: 0.34}
  - {x: -5.1213207, y: -2.1213202, z: 0}
  - {x: -3, y: -3, z: 0}
  - {x: -5.1213207, y: -2.1213202, z: 0.34}
  - {x: -3, y: -3, z: 0.34}
  - {x: -3, y: -2.74, z: 0}
  - {x: -4.937473, y: -1.9374723, z: 0}
  - {x: -3, y: -2.74, z: 0.34}
  - {x: -4.937473, y: -1.9374723, z: 0.34}
  - {x: -3, y: -3, z: 0}
  - {x: -0.87868, y: -2.1213207, z: 0}
  - {x: -3, y: -3, z: 0.34}
  - {x: -0.87868, y: -2.1213207, z: 0.34}
  - {x: -1.0625278, y: -1.9374729, z: 0}
  - {x: -3, y: -2.74, z: 0}
  - {x: -1.0625278, y: -1.9374729, z: 0.34}
  - {x: -3, y: -2.74, z: 0.34}
  - {x: -0.87868, y: -2.1213207, z: 0}
  - {x: 0, y: 0.00000052453663, z: 0}
  - {x: -0.87868, y: -2.1213207, z: 0.34}
  - {x: 0, y: 0.00000052453663, z: 0.34}
  - {x: -0.26, y: 0.0000004790768, z: 0}
  - {x: -1.0625278, y: -1.9374729, z: 0}
  - {x: -0.26, y: 0.0000004790768, z: 0.34}
  - {x: -1.0625278, y: -1.9374729, z: 0.34}
  - {x: 0, y: 0, z: 0.34}
  - {x: -0.87867975, y: 2.1213202, z: 0.34}
  - {x: -0.26, y: 0, z: 0.34}
  - {x: -1.0625274, y: 1.9374726, z: 0.34}
  - {x: -0.87867975, y: 2.1213202, z: 0}
  - {x: 0, y: 0, z: 0}
  - {x: -1.0625274, y: 1.9374726, z: 0}
  - {x: -0.26, y: 0, z: 0}
  - {x: -0.87867975, y: 2.1213202, z: 0.34}
  - {x: -3.0000002, y: 3, z: 0.34}
  - {x: -1.0625274, y: 1.9374726, z: 0.34}
  - {x: -3.0000002, y: 2.74, z: 0.34}
  - {x: -3.0000002, y: 3, z: 0}
  - {x: -0.87867975, y: 2.1213202, z: 0}
  - {x: -3.0000002, y: 2.74, z: 0}
  - {x: -1.0625274, y: 1.9374726, z: 0}
  - {x: -3.0000002, y: 3, z: 0.34}
  - {x: -5.1213202, y: 2.1213202, z: 0.34}
  - {x: -3.0000002, y: 2.74, z: 0.34}
  - {x: -4.9374723, y: 1.9374726, z: 0.34}
  - {x: -5.1213202, y: 2.1213202, z: 0}
  - {x: -3.0000002, y: 3, z: 0}
  - {x: -4.9374723, y: 1.9374726, z: 0}
  - {x: -3.0000002, y: 2.74, z: 0}
  - {x: -5.1213202, y: 2.1213202, z: 0.34}
  - {x: -6, y: -0.00000026226832, z: 0.34}
  - {x: -4.9374723, y: 1.9374726, z: 0.34}
  - {x: -5.74, y: -0.0000002395384, z: 0.34}
  - {x: -6, y: -0.00000026226832, z: 0}
  - {x: -5.1213202, y: 2.1213202, z: 0}
  - {x: -5.74, y: -0.0000002395384, z: 0}
  - {x: -4.9374723, y: 1.9374726, z: 0}
  - {x: -6, y: -0.00000026226832, z: 0.34}
  - {x: -5.1213207, y: -2.1213202, z: 0.34}
  - {x: -5.74, y: -0.0000002395384, z: 0.34}
  - {x: -4.937473, y: -1.9374723, z: 0.34}
  - {x: -5.1213207, y: -2.1213202, z: 0}
  - {x: -6, y: -0.00000026226832, z: 0}
  - {x: -4.937473, y: -1.9374723, z: 0}
  - {x: -5.74, y: -0.0000002395384, z: 0}
  - {x: -5.1213207, y: -2.1213202, z: 0.34}
  - {x: -3, y: -3, z: 0.34}
  - {x: -4.937473, y: -1.9374723, z: 0.34}
  - {x: -3, y: -2.74, z: 0.34}
  - {x: -3, y: -3, z: 0}
  - {x: -5.1213207, y: -2.1213202, z: 0}
  - {x: -3, y: -2.74, z: 0}
  - {x: -4.937473, y: -1.9374723, z: 0}
  - {x: -3, y: -3, z: 0.34}
  - {x: -0.87868, y: -2.1213207, z: 0.34}
  - {x: -3, y: -2.74, z: 0.34}
  - {x: -1.0625278, y: -1.9374729, z: 0.34}
  - {x: -0.87868, y: -2.1213207, z: 0}
  - {x: -3, y: -3, z: 0}
  - {x: -1.0625278, y: -1.9374729, z: 0}
  - {x: -3, y: -2.74, z: 0}
  - {x: -0.87868, y: -2.1213207, z: 0.34}
  - {x: 0, y: 0.00000052453663, z: 0.34}
  - {x: -1.0625278, y: -1.9374729, z: 0.34}
  - {x: -0.26, y: 0.0000004790768, z: 0.34}
  - {x: 0, y: 0.00000052453663, z: 0}
  - {x: -0.87868, y: -2.1213207, z: 0}
  - {x: -0.26, y: 0.0000004790768, z: 0}
  - {x: -1.0625278, y: -1.9374729, z: 0}
  _uv:
  - {x: 0, y: 0}
  - {x: 0, y: 2.2961006}
  - {x: 0.34, y: 0}
  - {x: 0.34, y: 2.2961006}
  - {x: 0, y: 2.196603}
  - {x: 0, y: 0.0994977}
  - {x: -0.34, y: 2.196603}
  - {x: -0.34, y: 0.0994977}
  - {x: -1.6235884, y: 0}
  - {x: -3.9196892, y: 0}
  - {x: -1.6235884, y: 0.34}
  - {x: -3.9196892, y: 0.34}
  - {x: 3.8201914, y: 0}
  - {x: 1.723086, y: 0}
  - {x: 3.8201914, y: 0.34}
  - {x: 1.723086, y: 0.34}
  - {x: -1.6235882, y: 0}
  - {x: -3.9196885, y: 0}
  - {x: -1.6235882, y: 0.34}
  - {x: -3.9196885, y: 0.34}
  - {x: 3.8201907, y: 0}
  - {x: 1.7230858, y: 0}
  - {x: 3.8201907, y: 0.34}
  - {x: 1.7230858, y: 0.34}
  - {x: 0, y: -0.00000010627002}
  - {x: -0, y: -2.296101}
  - {x: -0.34, y: -0.00000010627002}
  - {x: -0.34, y: -2.296101}
  - {x: 0, y: -2.1966028}
  - {x: 0, y: -0.09949736}
  - {x: 0.34, y: -2.1966028}
  - {x: 0.34, y: -0.09949736}
  - {x: 0, y: 2.2961}
  - {x: 0, y: -0.00000016913404}
  - {x: -0.34, y: 2.2961}
  - {x: -0.34, y: -0.00000016913404}
  - {x: 0, y: 0.099497356}
  - {x: 0, y: 2.196602}
  - {x: 0.34, y: 0.099497356}
  - {x: 0.34, y: 2.196602}
  - {x: 3.9196894, y: 0}
  - {x: 1.6235886, y: 0}
  - {x: 3.9196894, y: 0.34}
  - {x: 1.6235886, y: 0.34}
  - {x: -1.7230859, y: 0}
  - {x: -3.8201916, y: 0}
  - {x: -1.7230859, y: 0.34}
  - {x: -3.8201916, y: 0.34}
  - {x: 3.9196887, y: 0}
  - {x: 1.6235887, y: 0}
  - {x: 3.9196887, y: 0.34}
  - {x: 1.6235887, y: 0.34}
  - {x: -1.7230864, y: 0}
  - {x: -3.8201911, y: 0}
  - {x: -1.7230864, y: 0.34}
  - {x: -3.8201911, y: 0.34}
  - {x: 0, y: -2.296101}
  - {x: 0, y: 0.0000004846087}
  - {x: 0.34, y: -2.296101}
  - {x: 0.34, y: 0.0000004846087}
  - {x: 0, y: -0.09949725}
  - {x: -0, y: -2.1966035}
  - {x: -0.34, y: -0.09949725}
  - {x: -0.34, y: -2.1966035}
  - {x: 0, y: 0}
  - {x: 0.87867975, y: 2.1213202}
  - {x: 0.26, y: 0}
  - {x: 1.0625274, y: 1.9374726}
  - {x: -0.87867975, y: 2.1213202}
  - {x: 0, y: 0}
  - {x: -1.0625274, y: 1.9374726}
  - {x: -0.26, y: 0}
  - {x: 0.87867975, y: 2.1213202}
  - {x: 3.0000002, y: 3}
  - {x: 1.0625274, y: 1.9374726}
  - {x: 3.0000002, y: 2.74}
  - {x: -3.0000002, y: 3}
  - {x: -0.87867975, y: 2.1213202}
  - {x: -3.0000002, y: 2.74}
  - {x: -1.0625274, y: 1.9374726}
  - {x: 3.0000002, y: 3}
  - {x: 5.1213202, y: 2.1213202}
  - {x: 3.0000002, y: 2.74}
  - {x: 4.9374723, y: 1.9374726}
  - {x: -5.1213202, y: 2.1213202}
  - {x: -3.0000002, y: 3}
  - {x: -4.9374723, y: 1.9374726}
  - {x: -3.0000002, y: 2.74}
  - {x: 5.1213202, y: 2.1213202}
  - {x: 6, y: -0.00000026226832}
  - {x: 4.9374723, y: 1.9374726}
  - {x: 5.74, y: -0.0000002395384}
  - {x: -6, y: -0.00000026226832}
  - {x: -5.1213202, y: 2.1213202}
  - {x: -5.74, y: -0.0000002395384}
  - {x: -4.9374723, y: 1.9374726}
  - {x: 6, y: -0.00000026226832}
  - {x: 5.1213207, y: -2.1213202}
  - {x: 5.74, y: -0.0000002395384}
  - {x: 4.937473, y: -1.9374723}
  - {x: -5.1213207, y: -2.1213202}
  - {x: -6, y: -0.00000026226832}
  - {x: -4.937473, y: -1.9374723}
  - {x: -5.74, y: -0.0000002395384}
  - {x: 5.1213207, y: -2.1213202}
  - {x: 3, y: -3}
  - {x: 4.937473, y: -1.9374723}
  - {x: 3, y: -2.74}
  - {x: -3, y: -3}
  - {x: -5.1213207, y: -2.1213202}
  - {x: -3, y: -2.74}
  - {x: -4.937473, y: -1.9374723}
  - {x: 3, y: -3}
  - {x: 0.87868, y: -2.1213207}
  - {x: 3, y: -2.74}
  - {x: 1.0625278, y: -1.9374729}
  - {x: -0.87868, y: -2.1213207}
  - {x: -3, y: -3}
  - {x: -1.0625278, y: -1.9374729}
  - {x: -3, y: -2.74}
  - {x: 0.87868, y: -2.1213207}
  - {x: 0, y: 0.00000052453663}
  - {x: 1.0625278, y: -1.9374729}
  - {x: 0.26, y: 0.0000004790768}
  - {x: 0, y: 0.00000052453663}
  - {x: -0.87868, y: -2.1213207}
  - {x: -0.26, y: 0.0000004790768}
  - {x: -1.0625278, y: -1.9374729}
  _uv3: []
  _uv4: []
  _tangents: []
  _sharedIndicesUV: []
  _colors:
  - {r: 1, g: 1, b: 1, a: 1}
  - {r: 1, g: 1, b: 1, a: 1}
  - {r: 1, g: 1, b: 1, a: 1}
  - {r: 1, g: 1, b: 1, a: 1}
  - {r: 1, g: 1, b: 1, a: 1}
  - {r: 1, g: 1, b: 1, a: 1}
  - {r: 1, g: 1, b: 1, a: 1}
  - {r: 1, g: 1, b: 1, a: 1}
  - {r: 1, g: 1, b: 1, a: 1}
  - {r: 1, g: 1, b: 1, a: 1}
  - {r: 1, g: 1, b: 1, a: 1}
  - {r: 1, g: 1, b: 1, a: 1}
  - {r: 1, g: 1, b: 1, a: 1}
  - {r: 1, g: 1, b: 1, a: 1}
  - {r: 1, g: 1, b: 1, a: 1}
  - {r: 1, g: 1, b: 1, a: 1}
  - {r: 1, g: 1, b: 1, a: 1}
  - {r: 1, g: 1, b: 1, a: 1}
  - {r: 1, g: 1, b: 1, a: 1}
  - {r: 1, g: 1, b: 1, a: 1}
  - {r: 1, g: 1, b: 1, a: 1}
  - {r: 1, g: 1, b: 1, a: 1}
  - {r: 1, g: 1, b: 1, a: 1}
  - {r: 1, g: 1, b: 1, a: 1}
  - {r: 1, g: 1, b: 1, a: 1}
  - {r: 1, g: 1, b: 1, a: 1}
  - {r: 1, g: 1, b: 1, a: 1}
  - {r: 1, g: 1, b: 1, a: 1}
  - {r: 1, g: 1, b: 1, a: 1}
  - {r: 1, g: 1, b: 1, a: 1}
  - {r: 1, g: 1, b: 1, a: 1}
  - {r: 1, g: 1, b: 1, a: 1}
  - {r: 1, g: 1, b: 1, a: 1}
  - {r: 1, g: 1, b: 1, a: 1}
  - {r: 1, g: 1, b: 1, a: 1}
  - {r: 1, g: 1, b: 1, a: 1}
  - {r: 1, g: 1, b: 1, a: 1}
  - {r: 1, g: 1, b: 1, a: 1}
  - {r: 1, g: 1, b: 1, a: 1}
  - {r: 1, g: 1, b: 1, a: 1}
  - {r: 1, g: 1, b: 1, a: 1}
  - {r: 1, g: 1, b: 1, a: 1}
  - {r: 1, g: 1, b: 1, a: 1}
  - {r: 1, g: 1, b: 1, a: 1}
  - {r: 1, g: 1, b: 1, a: 1}
  - {r: 1, g: 1, b: 1, a: 1}
  - {r: 1, g: 1, b: 1, a: 1}
  - {r: 1, g: 1, b: 1, a: 1}
  - {r: 1, g: 1, b: 1, a: 1}
  - {r: 1, g: 1, b: 1, a: 1}
  - {r: 1, g: 1, b: 1, a: 1}
  - {r: 1, g: 1, b: 1, a: 1}
  - {r: 1, g: 1, b: 1, a: 1}
  - {r: 1, g: 1, b: 1, a: 1}
  - {r: 1, g: 1, b: 1, a: 1}
  - {r: 1, g: 1, b: 1, a: 1}
  - {r: 1, g: 1, b: 1, a: 1}
  - {r: 1, g: 1, b: 1, a: 1}
  - {r: 1, g: 1, b: 1, a: 1}
  - {r: 1, g: 1, b: 1, a: 1}
  - {r: 1, g: 1, b: 1, a: 1}
  - {r: 1, g: 1, b: 1, a: 1}
  - {r: 1, g: 1, b: 1, a: 1}
  - {r: 1, g: 1, b: 1, a: 1}
  - {r: 1, g: 1, b: 1, a: 1}
  - {r: 1, g: 1, b: 1, a: 1}
  - {r: 1, g: 1, b: 1, a: 1}
  - {r: 1, g: 1, b: 1, a: 1}
  - {r: 1, g: 1, b: 1, a: 1}
  - {r: 1, g: 1, b: 1, a: 1}
  - {r: 1, g: 1, b: 1, a: 1}
  - {r: 1, g: 1, b: 1, a: 1}
  - {r: 1, g: 1, b: 1, a: 1}
  - {r: 1, g: 1, b: 1, a: 1}
  - {r: 1, g: 1, b: 1, a: 1}
  - {r: 1, g: 1, b: 1, a: 1}
  - {r: 1, g: 1, b: 1, a: 1}
  - {r: 1, g: 1, b: 1, a: 1}
  - {r: 1, g: 1, b: 1, a: 1}
  - {r: 1, g: 1, b: 1, a: 1}
  - {r: 1, g: 1, b: 1, a: 1}
  - {r: 1, g: 1, b: 1, a: 1}
  - {r: 1, g: 1, b: 1, a: 1}
  - {r: 1, g: 1, b: 1, a: 1}
  - {r: 1, g: 1, b: 1, a: 1}
  - {r: 1, g: 1, b: 1, a: 1}
  - {r: 1, g: 1, b: 1, a: 1}
  - {r: 1, g: 1, b: 1, a: 1}
  - {r: 1, g: 1, b: 1, a: 1}
  - {r: 1, g: 1, b: 1, a: 1}
  - {r: 1, g: 1, b: 1, a: 1}
  - {r: 1, g: 1, b: 1, a: 1}
  - {r: 1, g: 1, b: 1, a: 1}
  - {r: 1, g: 1, b: 1, a: 1}
  - {r: 1, g: 1, b: 1, a: 1}
  - {r: 1, g: 1, b: 1, a: 1}
  - {r: 1, g: 1, b: 1, a: 1}
  - {r: 1, g: 1, b: 1, a: 1}
  - {r: 1, g: 1, b: 1, a: 1}
  - {r: 1, g: 1, b: 1, a: 1}
  - {r: 1, g: 1, b: 1, a: 1}
  - {r: 1, g: 1, b: 1, a: 1}
  - {r: 1, g: 1, b: 1, a: 1}
  - {r: 1, g: 1, b: 1, a: 1}
  - {r: 1, g: 1, b: 1, a: 1}
  - {r: 1, g: 1, b: 1, a: 1}
  - {r: 1, g: 1, b: 1, a: 1}
  - {r: 1, g: 1, b: 1, a: 1}
  - {r: 1, g: 1, b: 1, a: 1}
  - {r: 1, g: 1, b: 1, a: 1}
  - {r: 1, g: 1, b: 1, a: 1}
  - {r: 1, g: 1, b: 1, a: 1}
  - {r: 1, g: 1, b: 1, a: 1}
  - {r: 1, g: 1, b: 1, a: 1}
  - {r: 1, g: 1, b: 1, a: 1}
  - {r: 1, g: 1, b: 1, a: 1}
  - {r: 1, g: 1, b: 1, a: 1}
  - {r: 1, g: 1, b: 1, a: 1}
  - {r: 1, g: 1, b: 1, a: 1}
  - {r: 1, g: 1, b: 1, a: 1}
  - {r: 1, g: 1, b: 1, a: 1}
  - {r: 1, g: 1, b: 1, a: 1}
  - {r: 1, g: 1, b: 1, a: 1}
  - {r: 1, g: 1, b: 1, a: 1}
  - {r: 1, g: 1, b: 1, a: 1}
  - {r: 1, g: 1, b: 1, a: 1}
  - {r: 1, g: 1, b: 1, a: 1}
  - {r: 1, g: 1, b: 1, a: 1}
  userCollisions: 0
  isSelectable: 1
  unwrapParameters:
    hardAngle: 88
    packMargin: 4
    angleError: 8
    areaError: 15
  dontDestroyMeshOnDelete: 0
  m_selectedFaces: 
  m_SelectedEdges: []
  m_selectedTriangles: 
--- !u!114 &114653286415225170
MonoBehaviour:
  m_ObjectHideFlags: 1
  m_PrefabParentObject: {fileID: 0}
  m_PrefabInternal: {fileID: 100100000}
  m_GameObject: {fileID: 1860528013920836}
  m_Enabled: 1
  m_EditorHideFlags: 0
  m_Script: {fileID: 232430130, guid: 4f0627da958b4bb78c260446066f065f, type: 3}
  m_Name: 
  m_EditorClassIdentifier: 
  _quads:
  - _indices: 000000000100000002000000010000000300000002000000
    _distinctIndices: 00000000010000000200000003000000
    _edges:
    - x: 0
      y: 1
    - x: 2
      y: 0
    - x: 1
      y: 3
    - x: 3
      y: 2
    _smoothingGroup: 0
    _uv:
      useWorldSpace: 0
      flipU: 0
      flipV: 0
      swapUV: 0
      fill: 1
      scale: {x: 1, y: 1}
      offset: {x: 0, y: 0}
      rotation: 0
      justify: 0
      localPivot: {x: -0.5, y: 19.023523}
      localSize: {x: 0, y: 0}
      anchor: 9
    _mat: {fileID: 2100000, guid: f8af10ae2c674e569782e57b09c76a13, type: 2}
    manualUV: 0
    textureGroup: -1
  - _indices: 040000000500000006000000050000000700000006000000
    _distinctIndices: 04000000050000000600000007000000
    _edges:
    - x: 4
      y: 5
    - x: 6
      y: 4
    - x: 5
      y: 7
    - x: 7
      y: 6
    _smoothingGroup: 0
    _uv:
      useWorldSpace: 0
      flipU: 0
      flipV: 0
      swapUV: 0
      fill: 1
      scale: {x: 1, y: 1}
      offset: {x: 0, y: 0}
      rotation: 0
      justify: 0
      localPivot: {x: -0.5, y: 19.023523}
      localSize: {x: 0, y: 0}
      anchor: 9
    _mat: {fileID: 2100000, guid: f8af10ae2c674e569782e57b09c76a13, type: 2}
    manualUV: 0
    textureGroup: -1
  - _indices: 08000000090000000a000000090000000b0000000a000000
    _distinctIndices: 08000000090000000a0000000b000000
    _edges:
    - x: 8
      y: 9
    - x: 10
      y: 8
    - x: 9
      y: 11
    - x: 11
      y: 10
    _smoothingGroup: 0
    _uv:
      useWorldSpace: 0
      flipU: 0
      flipV: 0
      swapUV: 0
      fill: 1
      scale: {x: 1, y: 1}
      offset: {x: 0, y: 0}
      rotation: 0
      justify: 0
      localPivot: {x: 0.5, y: 19.023523}
      localSize: {x: 0, y: 0}
      anchor: 9
    _mat: {fileID: 2100000, guid: f8af10ae2c674e569782e57b09c76a13, type: 2}
    manualUV: 0
    textureGroup: -1
  - _indices: 0c0000000d0000000e0000000d0000000f0000000e000000
    _distinctIndices: 0c0000000d0000000e0000000f000000
    _edges:
    - x: 12
      y: 13
    - x: 14
      y: 12
    - x: 13
      y: 15
    - x: 15
      y: 14
    _smoothingGroup: 0
    _uv:
      useWorldSpace: 0
      flipU: 0
      flipV: 0
      swapUV: 0
      fill: 1
      scale: {x: 1, y: 1}
      offset: {x: 0, y: 0}
      rotation: 0
      justify: 0
      localPivot: {x: 0.5, y: 19.023523}
      localSize: {x: 0, y: 0}
      anchor: 9
    _mat: {fileID: 2100000, guid: f8af10ae2c674e569782e57b09c76a13, type: 2}
    manualUV: 0
    textureGroup: -1
  - _indices: 100000001100000012000000110000001300000012000000
    _distinctIndices: 10000000110000001200000013000000
    _edges:
    - x: 16
      y: 17
    - x: 18
      y: 16
    - x: 17
      y: 19
    - x: 19
      y: 18
    _smoothingGroup: 0
    _uv:
      useWorldSpace: 0
      flipU: 0
      flipV: 0
      swapUV: 0
      fill: 1
      scale: {x: 1, y: 1}
      offset: {x: 0, y: 0}
      rotation: 0
      justify: 0
      localPivot: {x: 0.5, y: -0.5}
      localSize: {x: 0, y: 0}
      anchor: 9
    _mat: {fileID: 2100000, guid: f8af10ae2c674e569782e57b09c76a13, type: 2}
    manualUV: 0
    textureGroup: -1
  - _indices: 140000001500000016000000150000001700000016000000
    _distinctIndices: 14000000150000001600000017000000
    _edges:
    - x: 20
      y: 21
    - x: 22
      y: 20
    - x: 21
      y: 23
    - x: 23
      y: 22
    _smoothingGroup: 0
    _uv:
      useWorldSpace: 0
      flipU: 0
      flipV: 0
      swapUV: 0
      fill: 1
      scale: {x: 1, y: 1}
      offset: {x: 0, y: 0}
      rotation: 0
      justify: 0
      localPivot: {x: -0.5, y: -0.5}
      localSize: {x: 0, y: 0}
      anchor: 9
    _mat: {fileID: 2100000, guid: f8af10ae2c674e569782e57b09c76a13, type: 2}
    manualUV: 0
    textureGroup: -1
  - _indices: 18000000190000001a000000190000001b0000001a000000
    _distinctIndices: 18000000190000001a0000001b000000
    _edges:
    - x: 24
      y: 25
    - x: 26
      y: 24
    - x: 25
      y: 27
    - x: 27
      y: 26
    _smoothingGroup: 0
    _uv:
      useWorldSpace: 0
      flipU: 0
      flipV: 0
      swapUV: 0
      fill: 1
      scale: {x: 1, y: 1}
      offset: {x: 0, y: 0}
      rotation: 0
      justify: 0
      localPivot: {x: -0.5, y: 23.550346}
      localSize: {x: 0, y: 0}
      anchor: 9
    _mat: {fileID: 2100000, guid: f8af10ae2c674e569782e57b09c76a13, type: 2}
    manualUV: 0
    textureGroup: -1
  - _indices: 1c0000001d0000001e0000001d0000001f0000001e000000
    _distinctIndices: 1c0000001d0000001e0000001f000000
    _edges:
    - x: 28
      y: 29
    - x: 30
      y: 28
    - x: 29
      y: 31
    - x: 31
      y: 30
    _smoothingGroup: 0
    _uv:
      useWorldSpace: 0
      flipU: 0
      flipV: 0
      swapUV: 0
      fill: 1
      scale: {x: 1, y: 1}
      offset: {x: 0, y: 0}
      rotation: 0
      justify: 0
      localPivot: {x: 0.5, y: 23.550346}
      localSize: {x: 0, y: 0}
      anchor: 9
    _mat: {fileID: 2100000, guid: f8af10ae2c674e569782e57b09c76a13, type: 2}
    manualUV: 0
    textureGroup: -1
  - _indices: 200000002100000022000000210000002300000022000000
    _distinctIndices: 20000000210000002200000023000000
    _edges:
    - x: 32
      y: 33
    - x: 34
      y: 32
    - x: 33
      y: 35
    - x: 35
      y: 34
    _smoothingGroup: 0
    _uv:
      useWorldSpace: 0
      flipU: 0
      flipV: 0
      swapUV: 0
      fill: 1
      scale: {x: 1, y: 1}
      offset: {x: 0, y: 0}
      rotation: 0
      justify: 0
      localPivot: {x: -0.5, y: 23.550346}
      localSize: {x: 0, y: 0}
      anchor: 9
    _mat: {fileID: 2100000, guid: f8af10ae2c674e569782e57b09c76a13, type: 2}
    manualUV: 0
    textureGroup: -1
  - _indices: 240000002500000026000000250000002700000026000000
    _distinctIndices: 24000000250000002600000027000000
    _edges:
    - x: 36
      y: 37
    - x: 38
      y: 36
    - x: 37
      y: 39
    - x: 39
      y: 38
    _smoothingGroup: 0
    _uv:
      useWorldSpace: 0
      flipU: 0
      flipV: 0
      swapUV: 0
      fill: 1
      scale: {x: 1, y: 1}
      offset: {x: 0, y: 0}
      rotation: 0
      justify: 0
      localPivot: {x: 0.5, y: 23.550346}
      localSize: {x: 0, y: 0}
      anchor: 9
    _mat: {fileID: 2100000, guid: f8af10ae2c674e569782e57b09c76a13, type: 2}
    manualUV: 0
    textureGroup: -1
  - _indices: 28000000290000002a000000290000002b0000002a000000
    _distinctIndices: 28000000290000002a0000002b000000
    _edges:
    - x: 40
      y: 41
    - x: 42
      y: 40
    - x: 41
      y: 43
    - x: 43
      y: 42
    _smoothingGroup: 0
    _uv:
      useWorldSpace: 0
      flipU: 0
      flipV: 0
      swapUV: 0
      fill: 1
      scale: {x: 1, y: 1}
      offset: {x: 0, y: 0}
      rotation: 0
      justify: 0
      localPivot: {x: -0.5, y: 2.7521937}
      localSize: {x: 0, y: 0}
      anchor: 9
    _mat: {fileID: 2100000, guid: f8af10ae2c674e569782e57b09c76a13, type: 2}
    manualUV: 0
    textureGroup: -1
  - _indices: 2c0000002d0000002e0000002d0000002f0000002e000000
    _distinctIndices: 2c0000002d0000002e0000002f000000
    _edges:
    - x: 44
      y: 45
    - x: 46
      y: 44
    - x: 45
      y: 47
    - x: 47
      y: 46
    _smoothingGroup: 0
    _uv:
      useWorldSpace: 0
      flipU: 0
      flipV: 0
      swapUV: 0
      fill: 1
      scale: {x: 1, y: 1}
      offset: {x: 0, y: 0}
      rotation: 0
      justify: 0
      localPivot: {x: -2.7521937, y: 23.550346}
      localSize: {x: 0, y: 0}
      anchor: 9
    _mat: {fileID: 2100000, guid: f8af10ae2c674e569782e57b09c76a13, type: 2}
    manualUV: 0
    textureGroup: -1
  - _indices: 300000003100000032000000310000003300000032000000
    _distinctIndices: 30000000310000003200000033000000
    _edges:
    - x: 48
      y: 49
    - x: 50
      y: 48
    - x: 49
      y: 51
    - x: 51
      y: 50
    _smoothingGroup: 0
    _uv:
      useWorldSpace: 0
      flipU: 0
      flipV: 0
      swapUV: 0
      fill: 1
      scale: {x: 1, y: 1}
      offset: {x: 0, y: 0}
      rotation: 0
      justify: 0
      localPivot: {x: 2.7521937, y: 23.550346}
      localSize: {x: 0, y: 0}
      anchor: 9
    _mat: {fileID: 2100000, guid: f8af10ae2c674e569782e57b09c76a13, type: 2}
    manualUV: 0
    textureGroup: -1
  - _indices: 340000003500000036000000350000003700000036000000
    _distinctIndices: 34000000350000003600000037000000
    _edges:
    - x: 52
      y: 53
    - x: 54
      y: 52
    - x: 53
      y: 55
    - x: 55
      y: 54
    _smoothingGroup: 0
    _uv:
      useWorldSpace: 0
      flipU: 0
      flipV: 0
      swapUV: 0
      fill: 1
      scale: {x: 1, y: 1}
      offset: {x: 0, y: 0}
      rotation: 0
      justify: 0
      localPivot: {x: 0.5, y: 2.7521937}
      localSize: {x: 0, y: 0}
      anchor: 9
    _mat: {fileID: 2100000, guid: f8af10ae2c674e569782e57b09c76a13, type: 2}
    manualUV: 0
    textureGroup: -1
  - _indices: 38000000390000003a000000390000003b0000003a000000
    _distinctIndices: 38000000390000003a0000003b000000
    _edges:
    - x: 56
      y: 57
    - x: 58
      y: 56
    - x: 57
      y: 59
    - x: 59
      y: 58
    _smoothingGroup: 0
    _uv:
      useWorldSpace: 0
      flipU: 0
      flipV: 0
      swapUV: 0
      fill: 1
      scale: {x: 1, y: 1}
      offset: {x: 0, y: 0}
      rotation: 0
      justify: 0
      localPivot: {x: -0.5, y: -3.7521937}
      localSize: {x: 0, y: 0}
      anchor: 9
    _mat: {fileID: 2100000, guid: f8af10ae2c674e569782e57b09c76a13, type: 2}
    manualUV: 0
    textureGroup: -1
  - _indices: 3c0000003d0000003e0000003d0000003f0000003e000000
    _distinctIndices: 3c0000003d0000003e0000003f000000
    _edges:
    - x: 60
      y: 61
    - x: 62
      y: 60
    - x: 61
      y: 63
    - x: 63
      y: 62
    _smoothingGroup: 0
    _uv:
      useWorldSpace: 0
      flipU: 0
      flipV: 0
      swapUV: 0
      fill: 1
      scale: {x: 1, y: 1}
      offset: {x: 0, y: 0}
      rotation: 0
      justify: 0
      localPivot: {x: -3.7521937, y: 23.550346}
      localSize: {x: 0, y: 0}
      anchor: 9
    _mat: {fileID: 2100000, guid: f8af10ae2c674e569782e57b09c76a13, type: 2}
    manualUV: 0
    textureGroup: -1
  - _indices: 400000004100000042000000410000004300000042000000
    _distinctIndices: 40000000410000004200000043000000
    _edges:
    - x: 64
      y: 65
    - x: 66
      y: 64
    - x: 65
      y: 67
    - x: 67
      y: 66
    _smoothingGroup: 0
    _uv:
      useWorldSpace: 0
      flipU: 0
      flipV: 0
      swapUV: 0
      fill: 1
      scale: {x: 1, y: 1}
      offset: {x: 0, y: 0}
      rotation: 0
      justify: 0
      localPivot: {x: 3.7521937, y: 23.550346}
      localSize: {x: 0, y: 0}
      anchor: 9
    _mat: {fileID: 2100000, guid: f8af10ae2c674e569782e57b09c76a13, type: 2}
    manualUV: 0
    textureGroup: -1
  - _indices: 440000004500000046000000450000004700000046000000
    _distinctIndices: 44000000450000004600000047000000
    _edges:
    - x: 68
      y: 69
    - x: 70
      y: 68
    - x: 69
      y: 71
    - x: 71
      y: 70
    _smoothingGroup: 0
    _uv:
      useWorldSpace: 0
      flipU: 0
      flipV: 0
      swapUV: 0
      fill: 1
      scale: {x: 1, y: 1}
      offset: {x: 0, y: 0}
      rotation: 0
      justify: 0
      localPivot: {x: 0.5, y: -3.7521937}
      localSize: {x: 0, y: 0}
      anchor: 9
    _mat: {fileID: 2100000, guid: f8af10ae2c674e569782e57b09c76a13, type: 2}
    manualUV: 0
    textureGroup: -1
  _sharedIndices:
  - array: 000000000d00000016000000
  - array: 010000000400000017000000
  - array: 020000000f0000001d000000280000002d000000
  - array: 180000002a0000002f000000
  - array: 100000001f0000002c00000035000000
  - array: 1a0000002e00000037000000
  - array: 0300000006000000200000002900000030000000
  - array: 190000002b00000032000000
  - array: 11000000220000003100000034000000
  - array: 1b0000003300000036000000
  - array: 050000000800000015000000
  - array: 070000000a00000021000000380000003d000000
  - array: 240000003a0000003f000000
  - array: 13000000230000003c00000045000000
  - array: 260000003e00000047000000
  - array: 090000000c00000014000000
  - array: 0b0000000e0000001c0000003900000040000000
  - array: 250000003b00000042000000
  - array: 120000001e0000004100000044000000
  - array: 270000004300000046000000
  _vertices:
  - {x: 0, y: 18.047047, z: 0}
  - {x: 1, y: 18.047047, z: 0}
  - {x: 0, y: 20, z: 0}
  - {x: 1, y: 20, z: 0}
  - {x: 1, y: 18.047047, z: 0}
  - {x: 1, y: 18.047047, z: -1}
  - {x: 1, y: 20, z: 0}
  - {x: 1, y: 20, z: -1}
  - {x: 1, y: 18.047047, z: -1}
  - {x: 0, y: 18.047047, z: -1}
  - {x: 1, y: 20, z: -1}
  - {x: 0, y: 20, z: -1}
  - {x: 0, y: 18.047047, z: -1}
  - {x: 0, y: 18.047047, z: 0}
  - {x: 0, y: 20, z: -1}
  - {x: 0, y: 20, z: 0}
  - {x: 0, y: 27.100693, z: 0}
  - {x: 1, y: 27.100693, z: 0}
  - {x: 0, y: 27.100693, z: -1}
  - {x: 1, y: 27.100693, z: -1}
  - {x: 0, y: 18.047047, z: -1}
  - {x: 1, y: 18.047047, z: -1}
  - {x: 0, y: 18.047047, z: 0}
  - {x: 1, y: 18.047047, z: 0}
  - {x: 0, y: 20, z: 5.5043874}
  - {x: 1, y: 20, z: 5.5043874}
  - {x: 0, y: 27.100693, z: 5.5043874}
  - {x: 1, y: 27.100693, z: 5.5043874}
  - {x: 0, y: 20, z: -1}
  - {x: 0, y: 20, z: 0}
  - {x: 0, y: 27.100693, z: -1}
  - {x: 0, y: 27.100693, z: 0}
  - {x: 1, y: 20, z: 0}
  - {x: 1, y: 20, z: -1}
  - {x: 1, y: 27.100693, z: 0}
  - {x: 1, y: 27.100693, z: -1}
  - {x: 1, y: 20, z: -6.5043874}
  - {x: 0, y: 20, z: -6.5043874}
  - {x: 1, y: 27.100693, z: -6.5043874}
  - {x: 0, y: 27.100693, z: -6.5043874}
  - {x: 0, y: 20, z: 0}
  - {x: 1, y: 20, z: 0}
  - {x: 0, y: 20, z: 5.5043874}
  - {x: 1, y: 20, z: 5.5043874}
  - {x: 0, y: 27.100693, z: 0}
  - {x: 0, y: 20, z: 0}
  - {x: 0, y: 27.100693, z: 5.5043874}
  - {x: 0, y: 20, z: 5.5043874}
  - {x: 1, y: 20, z: 0}
  - {x: 1, y: 27.100693, z: 0}
  - {x: 1, y: 20, z: 5.5043874}
  - {x: 1, y: 27.100693, z: 5.5043874}
  - {x: 1, y: 27.100693, z: 0}
  - {x: 0, y: 27.100693, z: 0}
  - {x: 1, y: 27.100693, z: 5.5043874}
  - {x: 0, y: 27.100693, z: 5.5043874}
  - {x: 1, y: 20, z: -1}
  - {x: 0, y: 20, z: -1}
  - {x: 1, y: 20, z: -6.5043874}
  - {x: 0, y: 20, z: -6.5043874}
  - {x: 1, y: 27.100693, z: -1}
  - {x: 1, y: 20, z: -1}
  - {x: 1, y: 27.100693, z: -6.5043874}
  - {x: 1, y: 20, z: -6.5043874}
  - {x: 0, y: 20, z: -1}
  - {x: 0, y: 27.100693, z: -1}
  - {x: 0, y: 20, z: -6.5043874}
  - {x: 0, y: 27.100693, z: -6.5043874}
  - {x: 0, y: 27.100693, z: -1}
  - {x: 1, y: 27.100693, z: -1}
  - {x: 0, y: 27.100693, z: -6.5043874}
  - {x: 1, y: 27.100693, z: -6.5043874}
  _uv:
  - {x: 0, y: 18.047047}
  - {x: -1, y: 18.047047}
  - {x: 0, y: 20}
  - {x: -1, y: 20}
  - {x: 0, y: 18.047047}
  - {x: -1, y: 18.047047}
  - {x: 0, y: 20}
  - {x: -1, y: 20}
  - {x: 1, y: 18.047047}
  - {x: 0, y: 18.047047}
  - {x: 1, y: 20}
  - {x: 0, y: 20}
  - {x: 1, y: 18.047047}
  - {x: 0, y: 18.047047}
  - {x: 1, y: 20}
  - {x: 0, y: 20}
  - {x: 0, y: 0}
  - {x: 1, y: 0}
  - {x: 0, y: -1}
  - {x: 1, y: -1}
  - {x: 0, y: -1}
  - {x: -1, y: -1}
  - {x: 0, y: 0}
  - {x: -1, y: 0}
  - {x: 0, y: 20}
  - {x: -1, y: 20}
  - {x: 0, y: 27.100693}
  - {x: -1, y: 27.100693}
  - {x: 1, y: 20}
  - {x: 0, y: 20}
  - {x: 1, y: 27.100693}
  - {x: 0, y: 27.100693}
  - {x: 0, y: 20}
  - {x: -1, y: 20}
  - {x: 0, y: 27.100693}
  - {x: -1, y: 27.100693}
  - {x: 1, y: 20}
  - {x: 0, y: 20}
  - {x: 1, y: 27.100693}
  - {x: 0, y: 27.100693}
  - {x: 0, y: 0}
  - {x: -1, y: 0}
  - {x: 0, y: 5.5043874}
  - {x: -1, y: 5.5043874}
  - {x: 0, y: 27.100693}
  - {x: 0, y: 20}
  - {x: -5.5043874, y: 27.100693}
  - {x: -5.5043874, y: 20}
  - {x: 0, y: 20}
  - {x: 0, y: 27.100693}
  - {x: 5.5043874, y: 20}
  - {x: 5.5043874, y: 27.100693}
  - {x: 1, y: 0}
  - {x: 0, y: 0}
  - {x: 1, y: 5.5043874}
  - {x: 0, y: 5.5043874}
  - {x: -1, y: -1}
  - {x: 0, y: -1}
  - {x: -1, y: -6.5043874}
  - {x: 0, y: -6.5043874}
  - {x: -1, y: 27.100693}
  - {x: -1, y: 20}
  - {x: -6.5043874, y: 27.100693}
  - {x: -6.5043874, y: 20}
  - {x: 1, y: 20}
  - {x: 1, y: 27.100693}
  - {x: 6.5043874, y: 20}
  - {x: 6.5043874, y: 27.100693}
  - {x: 0, y: -1}
  - {x: 1, y: -1}
  - {x: 0, y: -6.5043874}
  - {x: 1, y: -6.5043874}
  _uv3:
  - {x: 0, y: 0, z: 0, w: 0}
  - {x: 0, y: 0, z: 0, w: 0}
  - {x: 0, y: 0, z: 0, w: 0}
  - {x: 0, y: 0, z: 0, w: 0}
  - {x: 0, y: 0, z: 0, w: 0}
  - {x: 0, y: 0, z: 0, w: 0}
  - {x: 0, y: 0, z: 0, w: 0}
  - {x: 0, y: 0, z: 0, w: 0}
  - {x: 0, y: 0, z: 0, w: 0}
  - {x: 0, y: 0, z: 0, w: 0}
  - {x: 0, y: 0, z: 0, w: 0}
  - {x: 0, y: 0, z: 0, w: 0}
  - {x: 0, y: 0, z: 0, w: 0}
  - {x: 0, y: 0, z: 0, w: 0}
  - {x: 0, y: 0, z: 0, w: 0}
  - {x: 0, y: 0, z: 0, w: 0}
  - {x: 0, y: 0, z: 0, w: 0}
  - {x: 0, y: 0, z: 0, w: 0}
  - {x: 0, y: 0, z: 0, w: 0}
  - {x: 0, y: 0, z: 0, w: 0}
  - {x: 0, y: 0, z: 0, w: 0}
  - {x: 0, y: 0, z: 0, w: 0}
  - {x: 0, y: 0, z: 0, w: 0}
  - {x: 0, y: 0, z: 0, w: 0}
  - {x: 0, y: 0, z: 0, w: 0}
  - {x: 0, y: 0, z: 0, w: 0}
  - {x: 0, y: 0, z: 0, w: 0}
  - {x: 0, y: 0, z: 0, w: 0}
  - {x: 0, y: 0, z: 0, w: 0}
  - {x: 0, y: 0, z: 0, w: 0}
  - {x: 0, y: 0, z: 0, w: 0}
  - {x: 0, y: 0, z: 0, w: 0}
  - {x: 0, y: 0, z: 0, w: 0}
  - {x: 0, y: 0, z: 0, w: 0}
  - {x: 0, y: 0, z: 0, w: 0}
  - {x: 0, y: 0, z: 0, w: 0}
  - {x: 0, y: 0, z: 0, w: 0}
  - {x: 0, y: 0, z: 0, w: 0}
  - {x: 0, y: 0, z: 0, w: 0}
  - {x: 0, y: 0, z: 0, w: 0}
  - {x: 0, y: 0, z: 0, w: 0}
  - {x: 0, y: 0, z: 0, w: 0}
  - {x: 0, y: 0, z: 0, w: 0}
  - {x: 0, y: 0, z: 0, w: 0}
  - {x: 0, y: 0, z: 0, w: 0}
  - {x: 0, y: 0, z: 0, w: 0}
  - {x: 0, y: 0, z: 0, w: 0}
  - {x: 0, y: 0, z: 0, w: 0}
  - {x: 0, y: 0, z: 0, w: 0}
  - {x: 0, y: 0, z: 0, w: 0}
  - {x: 0, y: 0, z: 0, w: 0}
  - {x: 0, y: 0, z: 0, w: 0}
  - {x: 0, y: 0, z: 0, w: 0}
  - {x: 0, y: 0, z: 0, w: 0}
  - {x: 0, y: 0, z: 0, w: 0}
  - {x: 0, y: 0, z: 0, w: 0}
  - {x: 0, y: 0, z: 0, w: 0}
  - {x: 0, y: 0, z: 0, w: 0}
  - {x: 0, y: 0, z: 0, w: 0}
  - {x: 0, y: 0, z: 0, w: 0}
  - {x: 0, y: 0, z: 0, w: 0}
  - {x: 0, y: 0, z: 0, w: 0}
  - {x: 0, y: 0, z: 0, w: 0}
  - {x: 0, y: 0, z: 0, w: 0}
  - {x: 0, y: 0, z: 0, w: 0}
  - {x: 0, y: 0, z: 0, w: 0}
  - {x: 0, y: 0, z: 0, w: 0}
  - {x: 0, y: 0, z: 0, w: 0}
  - {x: 0, y: 0, z: 0, w: 0}
  - {x: 0, y: 0, z: 0, w: 0}
  - {x: 0, y: 0, z: 0, w: 0}
  - {x: 0, y: 0, z: 0, w: 0}
  _uv4:
  - {x: 0, y: 0, z: 0, w: 0}
  - {x: 0, y: 0, z: 0, w: 0}
  - {x: 0, y: 0, z: 0, w: 0}
  - {x: 0, y: 0, z: 0, w: 0}
  - {x: 0, y: 0, z: 0, w: 0}
  - {x: 0, y: 0, z: 0, w: 0}
  - {x: 0, y: 0, z: 0, w: 0}
  - {x: 0, y: 0, z: 0, w: 0}
  - {x: 0, y: 0, z: 0, w: 0}
  - {x: 0, y: 0, z: 0, w: 0}
  - {x: 0, y: 0, z: 0, w: 0}
  - {x: 0, y: 0, z: 0, w: 0}
  - {x: 0, y: 0, z: 0, w: 0}
  - {x: 0, y: 0, z: 0, w: 0}
  - {x: 0, y: 0, z: 0, w: 0}
  - {x: 0, y: 0, z: 0, w: 0}
  - {x: 0, y: 0, z: 0, w: 0}
  - {x: 0, y: 0, z: 0, w: 0}
  - {x: 0, y: 0, z: 0, w: 0}
  - {x: 0, y: 0, z: 0, w: 0}
  - {x: 0, y: 0, z: 0, w: 0}
  - {x: 0, y: 0, z: 0, w: 0}
  - {x: 0, y: 0, z: 0, w: 0}
  - {x: 0, y: 0, z: 0, w: 0}
  - {x: 0, y: 0, z: 0, w: 0}
  - {x: 0, y: 0, z: 0, w: 0}
  - {x: 0, y: 0, z: 0, w: 0}
  - {x: 0, y: 0, z: 0, w: 0}
  - {x: 0, y: 0, z: 0, w: 0}
  - {x: 0, y: 0, z: 0, w: 0}
  - {x: 0, y: 0, z: 0, w: 0}
  - {x: 0, y: 0, z: 0, w: 0}
  - {x: 0, y: 0, z: 0, w: 0}
  - {x: 0, y: 0, z: 0, w: 0}
  - {x: 0, y: 0, z: 0, w: 0}
  - {x: 0, y: 0, z: 0, w: 0}
  - {x: 0, y: 0, z: 0, w: 0}
  - {x: 0, y: 0, z: 0, w: 0}
  - {x: 0, y: 0, z: 0, w: 0}
  - {x: 0, y: 0, z: 0, w: 0}
  - {x: 0, y: 0, z: 0, w: 0}
  - {x: 0, y: 0, z: 0, w: 0}
  - {x: 0, y: 0, z: 0, w: 0}
  - {x: 0, y: 0, z: 0, w: 0}
  - {x: 0, y: 0, z: 0, w: 0}
  - {x: 0, y: 0, z: 0, w: 0}
  - {x: 0, y: 0, z: 0, w: 0}
  - {x: 0, y: 0, z: 0, w: 0}
  - {x: 0, y: 0, z: 0, w: 0}
  - {x: 0, y: 0, z: 0, w: 0}
  - {x: 0, y: 0, z: 0, w: 0}
  - {x: 0, y: 0, z: 0, w: 0}
  - {x: 0, y: 0, z: 0, w: 0}
  - {x: 0, y: 0, z: 0, w: 0}
  - {x: 0, y: 0, z: 0, w: 0}
  - {x: 0, y: 0, z: 0, w: 0}
  - {x: 0, y: 0, z: 0, w: 0}
  - {x: 0, y: 0, z: 0, w: 0}
  - {x: 0, y: 0, z: 0, w: 0}
  - {x: 0, y: 0, z: 0, w: 0}
  - {x: 0, y: 0, z: 0, w: 0}
  - {x: 0, y: 0, z: 0, w: 0}
  - {x: 0, y: 0, z: 0, w: 0}
  - {x: 0, y: 0, z: 0, w: 0}
  - {x: 0, y: 0, z: 0, w: 0}
  - {x: 0, y: 0, z: 0, w: 0}
  - {x: 0, y: 0, z: 0, w: 0}
  - {x: 0, y: 0, z: 0, w: 0}
  - {x: 0, y: 0, z: 0, w: 0}
  - {x: 0, y: 0, z: 0, w: 0}
  - {x: 0, y: 0, z: 0, w: 0}
  - {x: 0, y: 0, z: 0, w: 0}
  _tangents: []
  _sharedIndicesUV: []
  _colors:
  - {r: 1, g: 1, b: 1, a: 1}
  - {r: 1, g: 1, b: 1, a: 1}
  - {r: 1, g: 1, b: 1, a: 1}
  - {r: 1, g: 1, b: 1, a: 1}
  - {r: 1, g: 1, b: 1, a: 1}
  - {r: 1, g: 1, b: 1, a: 1}
  - {r: 1, g: 1, b: 1, a: 1}
  - {r: 1, g: 1, b: 1, a: 1}
  - {r: 1, g: 1, b: 1, a: 1}
  - {r: 1, g: 1, b: 1, a: 1}
  - {r: 1, g: 1, b: 1, a: 1}
  - {r: 1, g: 1, b: 1, a: 1}
  - {r: 1, g: 1, b: 1, a: 1}
  - {r: 1, g: 1, b: 1, a: 1}
  - {r: 1, g: 1, b: 1, a: 1}
  - {r: 1, g: 1, b: 1, a: 1}
  - {r: 1, g: 1, b: 1, a: 1}
  - {r: 1, g: 1, b: 1, a: 1}
  - {r: 1, g: 1, b: 1, a: 1}
  - {r: 1, g: 1, b: 1, a: 1}
  - {r: 1, g: 1, b: 1, a: 1}
  - {r: 1, g: 1, b: 1, a: 1}
  - {r: 1, g: 1, b: 1, a: 1}
  - {r: 1, g: 1, b: 1, a: 1}
  - {r: 1, g: 1, b: 1, a: 1}
  - {r: 1, g: 1, b: 1, a: 1}
  - {r: 1, g: 1, b: 1, a: 1}
  - {r: 1, g: 1, b: 1, a: 1}
  - {r: 1, g: 1, b: 1, a: 1}
  - {r: 1, g: 1, b: 1, a: 1}
  - {r: 1, g: 1, b: 1, a: 1}
  - {r: 1, g: 1, b: 1, a: 1}
  - {r: 1, g: 1, b: 1, a: 1}
  - {r: 1, g: 1, b: 1, a: 1}
  - {r: 1, g: 1, b: 1, a: 1}
  - {r: 1, g: 1, b: 1, a: 1}
  - {r: 1, g: 1, b: 1, a: 1}
  - {r: 1, g: 1, b: 1, a: 1}
  - {r: 1, g: 1, b: 1, a: 1}
  - {r: 1, g: 1, b: 1, a: 1}
  - {r: 1, g: 1, b: 1, a: 1}
  - {r: 1, g: 1, b: 1, a: 1}
  - {r: 1, g: 1, b: 1, a: 1}
  - {r: 1, g: 1, b: 1, a: 1}
  - {r: 1, g: 1, b: 1, a: 1}
  - {r: 1, g: 1, b: 1, a: 1}
  - {r: 1, g: 1, b: 1, a: 1}
  - {r: 1, g: 1, b: 1, a: 1}
  - {r: 1, g: 1, b: 1, a: 1}
  - {r: 1, g: 1, b: 1, a: 1}
  - {r: 1, g: 1, b: 1, a: 1}
  - {r: 1, g: 1, b: 1, a: 1}
  - {r: 1, g: 1, b: 1, a: 1}
  - {r: 1, g: 1, b: 1, a: 1}
  - {r: 1, g: 1, b: 1, a: 1}
  - {r: 1, g: 1, b: 1, a: 1}
  - {r: 1, g: 1, b: 1, a: 1}
  - {r: 1, g: 1, b: 1, a: 1}
  - {r: 1, g: 1, b: 1, a: 1}
  - {r: 1, g: 1, b: 1, a: 1}
  - {r: 1, g: 1, b: 1, a: 1}
  - {r: 1, g: 1, b: 1, a: 1}
  - {r: 1, g: 1, b: 1, a: 1}
  - {r: 1, g: 1, b: 1, a: 1}
  - {r: 1, g: 1, b: 1, a: 1}
  - {r: 1, g: 1, b: 1, a: 1}
  - {r: 1, g: 1, b: 1, a: 1}
  - {r: 1, g: 1, b: 1, a: 1}
  - {r: 1, g: 1, b: 1, a: 1}
  - {r: 1, g: 1, b: 1, a: 1}
  - {r: 1, g: 1, b: 1, a: 1}
  - {r: 1, g: 1, b: 1, a: 1}
  userCollisions: 0
  isSelectable: 1
  unwrapParameters:
    hardAngle: 88
    packMargin: 4
    angleError: 8
    areaError: 15
  dontDestroyMeshOnDelete: 0
  m_selectedFaces: 
  m_SelectedEdges: []
  m_selectedTriangles: 
--- !u!114 &114696049186233074
MonoBehaviour:
  m_ObjectHideFlags: 1
  m_PrefabParentObject: {fileID: 0}
  m_PrefabInternal: {fileID: 100100000}
  m_GameObject: {fileID: 1514224530346936}
  m_Enabled: 1
  m_EditorHideFlags: 0
  m_Script: {fileID: 11500000, guid: 1292f3af74741014ca60095efb7efd91, type: 3}
  m_Name: 
  m_EditorClassIdentifier: 
  door:
  - {fileID: 0}
  isToggle: 1
